2618 4554
200 226 284 289 ‚ur
309 220 454 312 curn.
478 168 626 285 cnut:
667 219 766 284 utu.
791 220 849 287 111.
891 187 995 286 cab.
1017 246 1046 303 2,
1113 222 1176 312 157·
1202 184 1216 203 ’
1262 249 1265 255 ·

100 382 163 482 per
175 390 300 480 Alpes,
330 412 399 478 quo
423 398 563 476 magno
577 409 656 454 cum
684 384 838 475 periculo
871 393 1068 481 magnisque
1096 419 1177 466 cum
1251 420 1257 431 ·

98 495 261 581 portoriis
294 496 502 558 mercatores
527 491 580 572 ire
603 489 821 569 consuerant,
850 493 1006 578 patefieri
1028 498 1173 568 volebat.

56 668 58 673 ,
98 595 187 661 Huic
204 593 373 682 permisit,
393 592 422 657 si
438 613 523 678 opus
539 591 862 670 essearbitraretur,
891 595 943 675 uti
964 595 1002 660 in
1025 598 1072 673 eis
1090 602 1176 668 locis
1269 640 1279 687 ὲ·

98 697 267 783 legionem
291 680 464 759 hiemandi
489 702 602 757 caussa
624 693 813 758 collocaret.
858 692 996 779 Galba,
1018 704 1175 769 secundis
1263 686 1276 713 ²

37 812 41 823 ·
99 780 227 881 aliquot
250 787 391 880 'proeliis
414 791 530 871 factis,
565 793 776 880 castellisque
799 796 1031 882 compluribus
1054 822 1175 869 eorum

100 896 301 983 expugnatis
312 892 337 975 ,'
354 893 475 958 missis,
488 890 531 955 ad
546 913 625 957 eum
638 891 789 978 undique
805 893 922 981 legatis
936 897 1193 989 obsidibusque
1208 924 1209 928 ’

100 999 196 1079 datis,
225 1011 258 1061 et
272 1019 354 1084 pace
369 994 469 1073 facta,
490 991 676 1072 constituit,
690 992 858 1060 ‘cohortes
874 992 955 1060 duas
968 998 1006 1062 in
1023 995 1177 1081 Nantua-¹
1273 1074 1276 1079 ,

98 1101 188 1166 tibus
199 1099 384 1187 :collocare
414 1108 447 1160 et
459 1085 627 1181 ipserum
641 1094 782 1181 reliquis
804 1096 875 1182 eius
888 1097 1029 1184 legionis
1050 1100 1178 1171 cohor&

99 1201 190 1266 tibus
212 1201 251 1264 in
270 1199 347 1264 vico
372 1198 627 1283 Veragrorum,
672 1197 730 1282 qui
755 1182 947 1286 appellatur
973 1180 1177 1286 Oclodurus,

98 1303 274 1369 hiemaret
294 1299 352 1386 qui
366 1298 474 1375 vicus,
494 1294 625 1384 ¹positus
641 1296 678 1361 in
692 1298 791 1376 valle,
825 1321 896 1363 non
910 1323 1032 1387 magna
1047 1306 1178 1372 adiecta
1239 1374 1242 1381 ,

98 1403 257 1492 planicie,
278 1400 448 1466 altissimis
463 1397 635 1463 montibus
651 1398 802 1484 undique
816 1400 1020 1478 continetur,
1057 1405 1177 1494 Quum

99 1506 157 1570 hic
172 1505 209 1568 in
224 1504 306 1596 duas
320 1515 434 1595 partes
450 1499 594 1565 flumine
615 1498 848 1582 divideretur,
880 1504 1019 1569 alteram
1042 1521 1177 1593 partem
1234 1567 1236 1570 Α
1266 1567 1268 1571 .

99 1608 171 1682 eins
186 1605 256 1671 vici
271 1603 377 1670 Gallis
397 1599 571 1681 concessit,
582 1618 589 1627 ’·
598 1599 750 1682 alteram,
774 1600 919 1668 sacuam
934 1605 975 1670 ab
991 1606 1059 1672 illis
1071 1610 1176 1676 relic·
1268 1674 1273 1684 ,

98 1716 213 1784 tam,x
227 1696 423 1793 cohortibus
446 1703 489 1768 ad
507 1700 733 1770 hiemandum·
749 1701 914 1771 attribuit.
955 1694 1046 1776 Eum
1059 1711 1196 1779 locutu·
1268 1750 1271 1761 ι

97 1794 542 1894 vallo‘fossaquemunivit·
1129 1815 1152 1825 ”
1176 1799 1179 1805 “

143 1911 233 1977 Car.
252 1908 298 1972 ΙΙ.
342 1907 459 1992 Quum
481 1901 551 1971 dies
574 1904 798 1993 hibernorum
819 1904 1011 1996 complures
1031 1914 1198 1983 transis,
1263 1908 1279 1949 ”

100 2024 188 2091 sent,
212 2009 493 2095 frumentumque
516 2030 557 2072 eo
575 2009 786 2097 comportari
797 2009 962 2090 iussisset,
983 2000 1095 2081 subitd
1110 2037 1176 2103 per

100 2115 336 2203 exploratores
359 2110 486 2175 certior
507 2107 615 2176 factus
632 2124 693 2190 est,
716 2133 765 2174 ex
789 2133 828 2176 ea
846 2125 943 2199 parte
965 2112 1043 2193 vici,
1073 2137 1177 2200 quam

101 2216 209 2282 Gallis
223 2225 451 2291 concesserat,
482 2212 598 2277 omnes
619 2222 721 2276 noctu
738 2210 949 2292 discessisse,
966 2227 1177 2301 montesque,
1239 2228 1242 2241 '

94 2316 160 2406 ⁴qui
173 2312 430 2403 impenderent,
465 2333 485 2376 a
503 2311 656 2379 maxima
679 2308 896 2380 multitudine
910 2312 1125 2381 Sedunorum
1142 2328 1178 2383 et

168 2485 230 2519 cum
244 2466 389 2536 portoriis]
426 2466 559 2517 Portoria
582 2464 671 2533 (siehe
696 2466 765 2516 oben
793 2463 820 2527 -I,
842 2463 897 2532 18.)
925 2465 987 2517 sind
1011 2467 1179 2532 Zollgeiille,
1232 2488 1244 2509 ·¹

99 2535 358 2602 Transitogehiihren
375 2533 431 2584 un'd
446 2534 635 2598 Wegegelder3
669 2534 712 2585 die
729 2535 818 2584 solche
848 2535 1037 2600 eiufordctten,
1072 2535 1178 2601 hiessen
1270 2542 1279 2553 ”

95 2609 260 2676 portitores,
279 2604 322 2653 die
339 2605 447 2654 ’τελῶναι
467 2604 506 2652 im
525 2599 557 2653 N.
571 2602 603 2658 Τ.
619 2601 698 2652 Siehe
715 2588 820 2655 Ern'esti
836 2604 864 2652 in
875 2604 945 2664 Clav.
958 2604 1014 2656 Cic.
1035 2598 1092 2654 und
1111 2605 1179 2671 iiber

101 2675 160 2723 eine
182 2689 247 2738 ganz
274 2671 496 2736 eigenthiimliche
520 2673 558 2720 sie
582 2671 741 2722 heti-effende
765 2672 832 2722 stne
854 2673 959 2721 Terent.
981 2672 1089 2730 Pborm.
1110 2674 1132 2730 Ι,
1151 2688 1178 2735 2,

100 2759 144 2811 qq.
163 2742 190 2791 ff.
207 2769 243 2779 —
258 2740 374 2811 Eigenql.
391 2757 478 2791 waren
491 2741 620 2807 portoria
637 2740 825 2806 Hafengelder‚
842 2758 865 2798 a,
874 2752 978 2807 portus
995 2740 1097 2792 sod-auu
1115 2741 1178 2791 Sta·
1214 2750 1217 2757 ‘

98 2804 294 2879 pelg‘ebiibren,
314 2809 370 2865 und
387 2826 440 2874 per,
452 2805 655 2876 Synecdocheri',
687 2811 788 2859 allcrlei
808 2808 937 2874 Abgab‘en
965 2809 1008 2860 fiir
1031 2808 1179 2861 durcbzie-

99 2879 191 2930 herede
211 2878 275 2928 oder
292 2877 490 2947 eingebrachte
509 2879 630 2931 Wearen.
671 2875 763 2928 Andre
787 2874 869 2945 leiten
886 2895 913 2926 es
933 2877 965 2926 ab
983 2896 1035 2928 von
1076 2888 1197 2943 errare,-

99 2964 154 2998 was
171 2947 290 3011 wenigcr
305 2945 524 2997 wabrscheinlich
541 2946 582 3003 ist,
603 2945 636 2994 da
653 2947 720 2996 nach
743 2946 834 2996 histor.
852 2946 1015 3011 Zeugnissen
1060 2964 1087 2997 er
1107 2948 1178 2998 See-

77 3014 276 3072 'ltandel'den
295 3017 364 3065 alten
380 3012 496 3065 Vblkern
514 3007 595 3074 nither
612 3015 664 3080 lag,
688 3017 727 3065 alc
746 3016 793 3065 der
808 3013 907 3065 Laud·
931 3014 996 3064 oder
1015 3015 1200 3066 manasses-³

100 3081 174 3134 kehr.
214 3084 251 3134 So
269 3083 376 3133 Sueton.
398 3083 472 3134 Caes.
488 3083 532 3134 45.
554 3085 772 3155 Peregrinarum
794 3074 922 3135 mercium
941 3085 1071 3152 portorio
1094 3084 1179 3134 insti-

100 3155 166 3205 ruit.
181 3152 277 3209 Vellei.
294 3153 328 3210 ΙΙ,
348 3150 372 3210 6,
390 3153 416 3203 5.
433 3168 507 3204 nora
523 3151 713 3202 constituebat
727 3154 861 3221 portorio.
883 3151 939 3202 Der
955 3151 1053 3217 griecb.
1069 3150 1179 3202 Uebers.

99 3221 145 3272 hat
161 3220 312 3270 fflschlieh:
333 3216 379 3271 obv
394 3221 502 3280 πολλοῖς
520 3221 645 3290 φορτίοις,
664 3233 731 3272 statt.
746 3221 942 3290 πορθμίοις..-
952 3223 1017 3271 Oum
1036 3218 1180 3288 entspricht
1217 3220 1221 3225 ’
1244 3238 1263 3269 .’

101 3291 148 3353 oft,
165 3290 233 3339 nach
251 3290 320 3353 oben
337 3286 358 3350 t,
380 3305 420 3340 10.
436 3307 555 3340 unserm:
573 3299 664 3350 anter,
681 3288 761 3342 nicht
775 3288 871 3348 clines
881 3287 937 3341 und
955 3306 1057 3342 caussa
1074 3289 1109 3339 ist
1120 3286 1179 3338 bier

100 3358 145 3410 die
162 3357 281 3408 ndcbste
296 3357 496 3424 Veranlassung.
527 3395 529 3400 .
638 3395 639 3398 ,
808 3372 811 3376 ·
849 3421 851 3424 .
1025 3403 1027 3407 .
1113 3383 1132 3401 a
1172 3362 1177 3375 “

100 3434 104 3439 “
169 3429 199 3478 in
214 3425 287 3494 vico]
324 3426 443 3490 Wichtig
465 3427 534 3478 wird
554 3445 633 3479 nume
657 3425 738 3478 Stelle
763 3427 894 3489 insofern,
911 3434 914 3439 '
930 3425 1042 3495 alswit
1065 3424 1113 3475 auf
1134 3422 1180 3472 ‹tte

104 3497 206 3548 Grb'sse
225 3495 309 3544 dieses
325 3495 405 3545 vicus
421 3496 565 3546 schliessen
582 3493 694 3558 lu'innen,
717 3498 833 3547 welcher
860 3497 908 3547 der
923 3495 1005 3559 Regel
1027 3492 1094 3542 nach
1121 3490 1180 3541 hiet·
1213 3507 1229 3544 f
1252 3547 1255 3551 .

101 3558 170 3616 aoht
189 3562 321 3614 Cohorten
338 3564 424 3614 fassen
443 3577 554 3626 musste,
587 3581 667 3616 wenn
689 3565 806 3614 nilmlich
831 3563 877 3615 die·
895 3564 997 3628 Legion
1019 3559 1180 3622 vollsttndtg
1218 3574 1221 3583 ·
1244 3560 1258 3627 .-

101 3648 221 3696 gewesen
245 3637 328 3693 wilre,
365 3632 551 3684 obschonvdie
579 3631 660 3683 andre
681 3633 767 3684 Hilste
786 3650 839 3684 ron
863 3633 916 3681 den
942 3631 1060 3682 Galliern
1081 3628 1181 3681 hesetzt

100 3701 183 3761 blieh.
215 3699 306 3749 Allein
324 3714 380 3767 cap.
397 3717 422 3750 2.
437 3701 519 3764 lehrt,
544 3701 601 3751 dass
623 3701 668 3753 die
690 3703 792 3766 Legion
816 3700 947 3761 manchon
964 3697 1077 3762 Abgaug
1100 3696 1179 3746 erlitt.
1252 3704 1255 3709 ⁴

100 3767 231 3826 Dennoch
248 3765 317 3818 kann
339 3787 402 3819 man
427 3772 484 3821 eine
509 3769 673 3820 bedentende
692 3769 874 3834 Ausdehnung
898 3768 944 3817 des
968 3766 1045 3819 uicus
1071 3779 1179 3814 vermu-

102 3837 172 3891 tben.
190 3864 225 3876 -·-
240 3838 270 3887 lu
292 3836 339 3887 der
355 3839 446 3888 Lesart
462 3840 553 3904 fulgen
565 3840 616 3891 wir
633 3838 690 3901 hier
708 3839 806 3890 Morus.
839 3837 967 3889 Lemaire
990 3832 1036 3884 las·
1047 3834 1075 3882 in
1091 3849 1107 3882 2
1122 3832 1179 3882 'Pa-

99 3907 167 3955 riser
181 3905 396 3957 Handschristen:
427 3910 536 3956 alteram
549 3906 612 3958 'eins
634 3906 686 3956 vici
708 3919 810 3973 partem
833 3906 918 3955 Gallis
943 3902 977 3952 ad
1005 3900 1188 3966 biemandum*

100 3975 244 4036 concessit3
261 3975 371 4024 alteram
385 3992 494 4025 vacuam
512 3976 544 4025 ab
563 3977 616 4025 illis
634 3974 761 4037 relictam,
787 3973 936 4023 cohortibus
955 3971 1091 4021 concessit.
1125 3969 1181 4023 Der

101 4043 198 4108 griecb.
221 4043 331 4093 Urbers.
356 4043 400 4092 hat
418 4045 457 4095 ad
480 4045 655 4095 hiemandum
676 4060 723 4108 gar
753 4042 828 4094 nicht
853 4038 1086 4104 wiedergegeben3
1119 4038 1182 4091 abet·

60 4148 66 4159 .
103 4112 168 4162 eben
184 4129 213 4162 so
229 4112 317 4175 wenig
333 4112 430 4183 ¹auletzt
447 4115 587 4164 concessit·
599 4114 712 4177 geleseu,
726 4110 855 4166 sietmehr
886 4108 1016 4165 attribuit
1033 4106 1099 4165 ndu
1122 4106 1182 4158 dis·

103 4180 172 4241 tribl,
190 4179 262 4232 «leun
280 4196 308 4234 es
325 4180 392 4236 steht
408 4182 453 4234 hei
471 4181 675 4255 ihmt-dttdune.
714 4195 716 4200 ·
776 4213 778 4219 ·
808 4250 811 4257 r
835 4179 837 4185 '
1133 4210 1134 4215 =
