2618 4554
109 196 174 265 506
248 242 253 251 .
412 196 595 261 aava.
637 196 894 263 causante
998 184 1001 189 '

76 408 79 417 ·
111 367 291 433 universae
310 356 442 433 Galliae
456 362 633 431 consensio
646 363 712 433 suit
727 364 897 437 libertatis
921 366 1151 437 vindicandae
1167 384 1194 439 et

109 468 276 557 pristinae
296 466 378 533 belli
398 465 510 533 laudis
525 464 798 555 recuperandae,
826 480 868 536 ut
883 490 1007 557 neque
1031 470 1194 555 benificiis,

108 590 223 655 neque
240 566 411 633 amicitiae
423 568 591 633 memoria
605 580 846 653 moverentur3
867 588 1070 659 omnesque
1086 584 1121 639 et
1131 572 1195 638 nui-

110 690 170 735 mo
194 679 229 733 et
246 668 371 755 o'pibus
387 669 425 735 in
439 669 475 735 id
490 668 621 737 bellum
634 670 884 753 incumberent,
904 675 1040 739 coactis
1054 656 1194 761 equiturn
1229 684 1231 691 '

59 770 73 793 '
110 771 196 841 VIII
218 770 370 851 milibus,
389 782 423 837 et
442 769 598 859 peditum
623 771 759 839 circiter
774 772 912 841 CCXL.
961 774 1118 841 Haecin
1135 776 1194 843 Ae-

109 870 411 939 duorum‘finibus
438 871 721 954 recensebantur,
760 895 1004 965 numerusque
1035 875 1193 945 inibaturs

107 972 274 1067 priefecti
303 972 614 1039 constituebanturs
660 974 821 1041 Commio
848 976 1036 1060 Atrebati,
1075 978 1195 1047 Vindu-

107 1087 265 1145 meroes
288 1074 525 1165 Eporedirigi,
557 1075 703 1161 Aeduis,
741 1076 1006 1165 Vergasillauuo
1030 1078 1193 1157 Arverno,

107 1176 317 1249 consobrino
337 1176 646 1265 Vercingetorigis,
675 1199 810 1244 summa
832 1178 980 1269 imperii
998 1181 1194 1249 transditur.

3 1270 18 1281 ⁵
105 1279 172 1348 His
188 1278 310 1347 delecti
331 1300 377 1345 ex
394 1278 587 1345 civitatibus
616 1278 869 1360 attribuuntur,
910 1304 1073 1368 quorum
1096 1284 1194 1349 cousi·

95 1379 157 1447 'lio
179 1380 310 1447 bellum
332 1379 642 1445 administraretur.
694 1382 824 1446 Omnes
842 1382 976 1450 alacres
1002 1396 1043 1451 et
1063 1383 1195 1449 fiduciae

105 1482 204 1573 pleni
217 1482 268 1547 -ad
296 1479 448 1549 Alesiam
471 1479 752 1568 proficiscuntur:
792 1478 907 1568 neque
942 1497 1023 1551 erat
1047 1486 1195 1553 omniunt

106 1578 299 1673 quisquam,
318 1582 377 1670 qui
392 1581 587 1671 adspectum
601 1582 704 1647 modo
716 1593 831 1648 tantae
841 1584 1090 1683 multitudinis
1102 1587 1194 1653 susd-

106 1684 185 1752 neri
214 1703 315 1774 posse
351 1682 596 1764 arbitraretur3
641 1680 848 1773 praesertim
876 1686 1029 1776 ancipiti
1057 1688 1194 1777 proelio,

106 1808 214 1875 quum
232 1808 277 1853 ex
294 1785 429 1881 oppido
451 1783 633 1872 eruptione
655 1794 877 1872 pugnaretur,
895 1784 991 1855 foris
1005 1802 1132 1857 tantae
1144 1800 1194 1857 c'o·

106 1889 187 1975 piae
209 1888 377 1976 equitatus
398 1884 634 1974 peditatusque
651 1896 888 1953 cernerentur.
914 1898 919 1913 '
1119 1928 1123 1933 -

147 1990 236 2057 Car.
251 1987 427 2057 LXXVII.
470 1987 569 2069 Atii,
586 1987 648 2075 qui
662 1987 797 2055 Alesiae
810 1981 1079 2072 obsidebantur,
1100 2014 1192 2083 prae·

103 2092 208 2160 terite
225 2090 294 2171 die,
312 2110 380 2178 qua
396 2108 536 2155 suorum
553 2088 682 2155 auxilia
700 2102 999 2177 exspectaverant,
1019 2108 1192 2163 consumto

105 2193 203 2261 omni
222 2190 414 2269 frument0‚
438 2188 555 2270 inscii,
578 2189 659 2275 quid
681 2191 719 2256 in
742 2190 870 2257 Aeduis
895 2207 1102 2280 gereretur,
1119 2220 1191 2262 con·

104 2296 188 2365 cilio
204 2305 331 2374 coacte,
359 2292 403 2356 de
420 2291 518 2355 exitu
541 2290 761 2358 fortunarum
782 2312 925 2359 suerum
944 2298 1189 2364 consultabant.

103 2395 211 2485 Apud
231 2416 314 2482 quos
331 2389 436 2459 variis
459 2391 556 2459 dictis
576 2393 763 2474 sententiis,
783 2394 933 2481 quarum
950 2418 1038 2484 pars
1056 2399 1191 2467 deditio-

103 2519 206 2575 nem,
232 2518 332 2585 pars,
354 2494 437 2560 dum
457 2494 551 2561 vires
569 2506 809 2582 suppeterent,
829 2488 1062 2585 eruptionem
1082 2524 1189 2567 cenae·

103 2599 197 2681 bant,
215 2620 287 2664 non
306 2597 553 2685 praetereunda
573 2595 710 2662 videtur
730 2597 838 2662 oratio
858 2596 1074 2684 Critognati,
1091 2624 1190 2693 prop·

104 2714 158 2770 ter
193 2701 267 2767 cius
298 2697 506 2786 singularem
542 2720 581 2762 ao
611 2696 779 2763 nefariam
815 2695 1076 2771 crudelitatem.
1124 2702 1190 2783 Hic,

104 2826 240 2883 summo
259 2801 298 2866 in
319 2800 487 2867 Arvernis
507 2811 605 2866 ortus
621 2800 695 2864 loco
714 2812 748 2867 et
760 2821 904 2887 magnae
918 2798 1063 2870 habitus
1078 2819 1190 2873 aucto-

102 2888 231 2985 ritalis,
256 2901 365 2984 Nihil,
384 2900 517 2990 inquit,
540 2898 582 2967 de
603 2923 723 2966 eorum
740 2899 907 2969 sententia
926 2901 1094 2973 dicturus
1111 2928 1189 2986 sum,

102 3002 164 3091 qui
193 3002 430 3091 turpissimam
456 3001 657 3069 servitutem
686 3001 868 3069 deditionis
895 3006 1049 3073 nomine
1076 3008 1190 3100 appel·

101 3104 196 3189 laut3
216 3125 329 3192 neque
347 3102 411 3173 hos
431 3100 606 3173 habendos
628 3103 759 3173 civium
778 3102 876 3189 locp,
902 3128 1022 3194 neque
1044 3108 1092 3177 ad
1116 3132 1189 3177 con·

169 3322 261 3378 neque
285 3315 351 3388 prat
375 3306 510 3378 omnium]
546 3306 593 3360 Sc.
610 3304 767 3376 Gallorum
802 3306 876 3361 dieas
901 3309 1052 3364 nrtbeilten
1076 3310 1137 3367 bier
1155 3296 1189 3364 int

102 3376 194 3433 Gaiae
212 3375 268 3432 und
284 3395 312 3427 tn
327 3375 375 3428 der
391 3376 490 3427 Person
508 3376 556 3429 der
572 3378 678 3429 illimes.

168 3463 289 3534 aueqriti
297 3461 420 3532 proelio}
454 3460 622 3517 asturensis
639 3464 699 3517 hier
714 3462 804 3516 selbst.
836 3460 1019 3530 vergi-'oben
1037 3466 1064 3529 1,
1082 3464 1130 3521 ad.

131 3596 134 3601 -
170 3562 236 3628 Cap.
253 3560 385 3613 LXXVII.
414 3579 486 3632 pars
502 3563 666 3633 cernebant]
700 3565 768 3617 Eine
787 3560 849 3615 sehr
867 3562 972 3629 hinligs
988 3563 1190 3631 Comunkticna

101 3627 147 3679 die
163 3627 296 3681 bekannte
311 3630 427 3698 Synesis.
461 3632 518 3682 niv.
535 3632 559 3694 I,
593 3632 690 3685 .med.
709 3648 816 3704 magna
828 3630 1005 3703 parasorte,
1021 3648 1055 3688 ut
1072 3637 1104 3687 in
1117 3652 1189 3705 quern

103 3712 221 3763 quaeque
248 3698 391 3758 inciderat,
416 3710 528 3769 raptae.
667 3700 736 3763 ,56.
752 3714 817 3753 extr.
841 3701 937 3765 Pauci,
971 3705 1059 3756 armis
1079 3704 1188 3767 ahiem

99 3780 170 3833 pars
186 3768 319 3832 Tegeam,
332 3784 403 3836 pars
420 3770 614 3839 Megalopolim
626 3769 805 3841 pedagium.
838 3769 916 3835 rinch
930 3772 1058 3855 refrenet
1076 3792 1141 3827 mm
1155 3774 1187 3825 sla

103 3830 262 3886 Correlatire
278 3853 399 3905 pars-
417 3836 477 3889 clii.
507 3855 532 3888 z.
548 3840 578 3889 Β.
594 3837 700 3889 Sallust.
718 3838 773 3890 Cat.
790 3854 816 3899 n,
838 3854 862 3889 t.
874 3854 947 3908 pars
967 3843 1123 3909 ingenium,
1145 3840 1190 3897 abi

103 3916 198 3966 eorpus
222 3904 398 3957 exercebant·
431 3906 508 3957 Danu
532 3906 619 3959 Corte.
651 3907 689 3957 So
706 3907 763 3958 Cic·
786 3908 821 3961 de
837 3907 933 3975 uepbl.
953 3907 1013 3969 IV.
1035 3911 1065 3963 5.
1089 3912 1188 3983 parth

103 3967 250 4030 institutis,
264 3972 323 4025 alie
336 3972 455 4045 legibus.
486 3973 564 4026 Anah
579 3974 661 4025 findet
674 3992 736 4025 man
751 3992 870 4044 pars-
882 3974 992 4043 plures,
1004 3981 1134 4033 nonnulli
1146 3992 1187 4031 ete·

102 4034 195 4101 vergi.
213 4038 279 4092 iiber
296 4042 368 4092 disse
385 4043 446 4112 (bei
459 4042 556 4094 Cicero
576 4043 650 4093 nicht
666 4043 866 4111 gerrdbnliche)
882 4042 1078 4100 Constmktion
1098 4050 1187 4113 Zumpt

83 4103 128 4171 Ὦ.
143 4102 186 4172 69.
199 4120 225 4165 α,
243 4121 267 4156 1.
299 4109 343 4160 lm
357 4110 467 4165 GrIecb.
481 4110 656 4176 Aehnlicbes;
672 4129 695 4162 z.
707 4113 735 4161 B.
754 4112 848 4165 oselini
860 4136 899 4153 ·-·
914 4114 941 4163 ol
957 4112 989 4164 di
1008 4141 1046 4156 «-
1061 4116 1079 4170 ὅ
1097 4120 1185 4189 μὶν-

105 4171 121 4224 ὅ
142 4173 172 4229 tt
187 4173 282 4247 ireque,
299 4176 326 4228 ot
340 4180 390 4248 pla
404 4207 439 4220 ·-
456 4178 483 4232 ol
498 4180 532 4235 dt
547 4198 625 4240 τινες.
655 4179 745 4247 vergt
756 4183 850 4251 Viget.
862 4198 892 4256 p.
908 4180 935 4234 4.
951 4180 1028 4237 5.-6.
