<?xml version="1.0" encoding="UTF-8"?>
<!DOCTYPE html PUBLIC "-//W3C//DTD XHTML 1.0 Transitional//EN"
    "http://www.w3.org/TR/xhtml1/DTD/xhtml1-transitional.dtd">
<html xmlns="http://www.w3.org/1999/xhtml" xml:lang="en" lang="en">
 <head>
  <title>
</title>
<meta http-equiv="Content-Type" content="text/html;charset=utf-8" />
  <meta name='ocr-system' content='tesseract 3.04.00' />
  <meta name='ocr-capabilities' content='ocr_page ocr_carea ocr_par ocr_line ocrx_word'/>
</head>
<body>
  <div class='ocr_page' id='page_1' title='image "./commentariorumd00caesgoog/commentariorumd00caesgoog_0332.png"; bbox 0 0 2618 4554; ppageno 0'>
   <div class='ocr_carea' id='block_1_1' title="bbox 128 170 1286 303">
    <p class='ocr_par' dir='ltr' id='par_1_1' title="bbox 128 160 1286 303">
     <span class='ocr_line' id='line_1_1' title="bbox 128 170 1286 303; baseline -0.007 -22"><span class='ocrx_word' id='word_1_1' title='bbox 128 224 136 232; x_wconf 95' lang='lat'>·</span> <span class='ocrx_word' id='word_1_2' title='bbox 221 213 290 278; x_wconf 85' lang='lat' dir='ltr'><strong>nc</strong></span> <span class='ocrx_word' id='word_1_3' title='bbox 318 204 467 303; x_wconf 73' lang='lat' dir='ltr'><strong>naun</strong></span> <span class='ocrx_word' id='word_1_4' title='bbox 495 210 646 295; x_wconf 67' lang='lat' dir='ltr'><strong>caup,</strong></span> <span class='ocrx_word' id='word_1_5' title='bbox 683 170 992 273; x_wconf 51' lang='lat' dir='ltr'><strong>v12.1·sr.t&#39;r...c.ar.</strong></span> <span class='ocrx_word' id='word_1_6' title='bbox 1013 183 1069 275; x_wconf 77' lang='lat' dir='ltr'><strong>ss.</strong></span> <span class='ocrx_word' id='word_1_7' title='bbox 1113 188 1205 297; x_wconf 25' lang='lat'><strong>,2&#39;991</strong></span> <span class='ocrx_word' id='word_1_8' title='bbox 1273 172 1286 257; x_wconf 62' lang='lat' dir='ltr'><em>s</em></span> 
     </span>
    </p>
   </div>
   <div class='ocr_carea' id='block_1_2' title="bbox 83 366 1297 2904">
    <p class='ocr_par' dir='ltr' id='par_1_2' title="bbox 83 366 1297 2904">
     <span class='ocr_line' id='line_1_2' title="bbox 92 366 1202 469; baseline -0.004 -22"><span class='ocrx_word' id='word_1_9' title='bbox 92 379 160 455; x_wconf 75' lang='lat' dir='ltr'><strong>,ad</strong></span> <span class='ocrx_word' id='word_1_10' title='bbox 179 402 218 469; x_wconf 76' lang='lat' dir='ltr'><strong>se</strong></span> <span class='ocrx_word' id='word_1_11' title='bbox 239 378 377 467; x_wconf 87' lang='lat' dir='ltr'><strong>allicere</strong></span> <span class='ocrx_word' id='word_1_12' title='bbox 397 379 522 468; x_wconf 72' lang='lat' dir='ltr'><strong>coepit,</strong></span> <span class='ocrx_word' id='word_1_13' title='bbox 574 376 627 443; x_wconf 85' lang='lat' dir='ltr'><strong>Ac</strong></span> <span class='ocrx_word' id='word_1_14' title='bbox 647 387 777 443; x_wconf 86' lang='lat' dir='ltr'><strong>tantam</strong></span> <span class='ocrx_word' id='word_1_15' title='bbox 797 372 864 449; x_wconf 83' lang='lat' dir='ltr'><strong>sibi</strong></span> <span class='ocrx_word' id='word_1_16' title='bbox 887 366 956 439; x_wconf 77' lang='lat' dir='ltr'><strong>ia&#39;m</strong></span> <span class='ocrx_word' id='word_1_17' title='bbox 975 374 1020 440; x_wconf 90' lang='lat' dir='ltr'><strong>iis</strong></span> <span class='ocrx_word' id='word_1_18' title='bbox 1036 374 1146 441; x_wconf 69' lang='lat' dir='ltr'><strong>‘rebus</strong></span> <span class='ocrx_word' id='word_1_19' title='bbox 1164 376 1202 443; x_wconf 90' lang='lat' dir='ltr'><strong>in</strong></span> 
     </span>
     <span class='ocr_line' id='line_1_3' title="bbox 103 475 1203 565; baseline -0.005 -18"><span class='ocrx_word' id='word_1_20' title='bbox 103 480 234 565; x_wconf 41' lang='lat' dir='ltr'><strong>,Gallia</strong></span> <span class='ocrx_word' id='word_1_21' title='bbox 252 483 488 550; x_wconf 88' lang='lat' dir='ltr'><strong>auctoritatem</strong></span> <span class='ocrx_word' id='word_1_22' title='bbox 507 485 777 565; x_wconf 76' lang='lat' dir='ltr'><strong>comparaverat,</strong></span> <span class='ocrx_word' id='word_1_23' title='bbox 803 485 848 565; x_wconf 86' lang='lat' dir='ltr'><strong>ut</strong></span> <span class='ocrx_word' id='word_1_24' title='bbox 876 475 1028 562; x_wconf 88' lang='lat' dir='ltr'><strong>undique</strong></span> <span class='ocrx_word' id='word_1_25' title='bbox 1055 478 1203 550; x_wconf 90' lang='lat' dir='ltr'><strong>adeum</strong></span> 
     </span>
     <span class='ocr_line' id='line_1_4' title="bbox 115 576 1204 676; baseline -0.003 -27"><span class='ocrx_word' id='word_1_26' title='bbox 115 580 304 669; x_wconf 67' lang='lat' dir='ltr'>legationes</span> <span class='ocrx_word' id='word_1_27' title='bbox 324 593 591 659; x_wconf 76' lang='lat' dir='ltr'><strong>concurrerent,</strong></span> <span class='ocrx_word' id='word_1_28' title='bbox 622 576 766 665; x_wconf 79' lang='lat' dir='ltr'><strong>gratiam</strong></span> <span class='ocrx_word' id='word_1_29' title='bbox 797 587 898 676; x_wconf 70' lang='lat' dir='ltr'><strong>atque</strong></span> <span class='ocrx_word' id='word_1_30' title='bbox 926 577 1110 650; x_wconf 81' lang='lat' dir='ltr'><strong>amicitiam</strong></span> <span class='ocrx_word' id='word_1_31' title='bbox 1134 603 1204 668; x_wconf 87' lang='lat' dir='ltr'><strong>pu-</strong></span> 
     </span>
     <span class='ocr_line' id='line_1_5' title="bbox 101 671 1222 772; baseline -0.003 -24"><span class='ocrx_word' id='word_1_32' title='bbox 101 682 211 759; x_wconf 84' lang='lat' dir='ltr'><strong>¹blice</strong></span> <span class='ocrx_word' id='word_1_33' title='bbox 231 684 464 772; x_wconf 85' lang='lat' dir='ltr'><strong>privatimque</strong></span> <span class='ocrx_word' id='word_1_34' title='bbox 484 693 654 771; x_wconf 80' lang='lat' dir='ltr'><strong>peterent·</strong></span> <span class='ocrx_word' id='word_1_35' title='bbox 973 671 978 682; x_wconf 57' lang='lat'><strong>¹</strong></span> <span class='ocrx_word' id='word_1_36' title='bbox 1093 686 1095 691; x_wconf 81' lang='grc'>’</span> <span class='ocrx_word' id='word_1_37' title='bbox 1220 749 1222 752; x_wconf 19' lang='lat'><em>⁴</em></span> 
     </span>
     <span class='ocr_line' id='line_1_6' title="bbox 140 777 1260 862; baseline -0.006 -9"><span class='ocrx_word' id='word_1_38' title='bbox 140 787 253 853; x_wconf 76' lang='lat' dir='ltr'><strong>Car.</strong></span> <span class='ocrx_word' id='word_1_39' title='bbox 272 785 365 853; x_wconf 85' lang='lat' dir='ltr'><strong>LVI.</strong></span> <span class='ocrx_word' id='word_1_40' title='bbox 400 783 478 851; x_wconf 85' lang='lat' dir='ltr'><strong>Ubi</strong></span> <span class='ocrx_word' id='word_1_41' title='bbox 512 781 686 849; x_wconf 82' lang='lat' dir='ltr'><strong>intellexit</strong></span> <span class='ocrx_word' id='word_1_42' title='bbox 713 777 805 847; x_wconf 89' lang='lat' dir='ltr'><strong>ultro</strong></span> <span class='ocrx_word' id='word_1_43' title='bbox 824 777 920 855; x_wconf 84' lang='lat' dir='ltr'><strong>adse</strong></span> <span class='ocrx_word' id='word_1_44' title='bbox 939 779 1206 862; x_wconf 79' lang='lat' dir='ltr'><strong>veniri,altera</strong></span> <span class='ocrx_word' id='word_1_45' title='bbox 1257 816 1260 821; x_wconf 95' lang='lat'>·</span> 
     </span>
     <span class='ocr_line' id='line_1_7' title="bbox 97 881 1205 979; baseline -0.005 -28"><span class='ocrx_word' id='word_1_46' title='bbox 97 904 169 962; x_wconf 67' lang='lat' dir='ltr'><strong>ex</strong></span> <span class='ocrx_word' id='word_1_47' title='bbox 189 897 289 975; x_wconf 80' lang='lat' dir='ltr'><strong>parte</strong></span> <span class='ocrx_word' id='word_1_48' title='bbox 309 885 459 979; x_wconf 79' lang='lat' dir='ltr'><strong>Senones</strong></span> <span class='ocrx_word' id='word_1_49' title='bbox 479 885 712 967; x_wconf 80' lang='lat' dir='ltr'><strong>Carnutesque</strong></span> <span class='ocrx_word' id='word_1_50' title='bbox 734 882 943 951; x_wconf 74' lang='lat' dir='ltr'><strong>&#39;conscientia</strong></span> <span class='ocrx_word' id='word_1_51' title='bbox 968 881 1205 967; x_wconf 80' lang='lat' dir='ltr'><strong>facinorisin-</strong></span> 
     </span>
     <span class='ocr_line' id='line_1_8' title="bbox 91 983 1205 1076; baseline -0.007 -19"><span class='ocrx_word' id='word_1_52' title='bbox 91 987 259 1076; x_wconf 71' lang='lat' dir='ltr'><strong>edgari,</strong></span> <span class='ocrx_word' id='word_1_53' title='bbox 294 989 400 1053; x_wconf 88' lang='lat' dir='ltr'><strong>altera</strong></span> <span class='ocrx_word' id='word_1_54' title='bbox 426 985 575 1061; x_wconf 77' lang='lat' dir='ltr'><strong>Nervios</strong></span> <span class='ocrx_word' id='word_1_55' title='bbox 603 984 868 1069; x_wconf 81' lang='lat' dir='ltr'><strong>Aduatucosque</strong></span> <span class='ocrx_word' id='word_1_56' title='bbox 891 983 1020 1048; x_wconf 90' lang='lat' dir='ltr'><strong>bellum</strong></span> <span class='ocrx_word' id='word_1_57' title='bbox 1041 984 1205 1050; x_wconf 85' lang='lat' dir='ltr'><strong>Romanis</strong></span> 
     </span>
     <span class='ocr_line' id='line_1_9' title="bbox 118 1083 1233 1181; baseline -0.007 -25"><span class='ocrx_word' id='word_1_58' title='bbox 118 1100 255 1181; x_wconf 74' lang='lat' dir='ltr'><strong>parare,</strong></span> <span class='ocrx_word' id='word_1_59' title='bbox 273 1084 477 1174; x_wconf 80' lang='lat' dir='ltr'><strong>neque-sibi</strong></span> <span class='ocrx_word' id='word_1_60' title='bbox 495 1086 770 1179; x_wconf 85' lang='lat' dir='ltr'><strong>voluntariorum</strong></span> <span class='ocrx_word' id='word_1_61' title='bbox 792 1084 906 1171; x_wconf 73' lang='lat' dir='ltr'><strong>copias</strong></span> <span class='ocrx_word' id='word_1_62' title='bbox 929 1083 1065 1163; x_wconf 78' lang='lat' dir='ltr'><strong>defore,</strong></span> <span class='ocrx_word' id='word_1_63' title='bbox 1099 1084 1128 1149; x_wconf 89' lang='lat' dir='ltr'><strong>si</strong></span> <span class='ocrx_word' id='word_1_64' title='bbox 1143 1107 1204 1171; x_wconf 63' lang='lat' dir='ltr'><strong>ex</strong></span> <span class='ocrx_word' id='word_1_65' title='bbox 1224 1164 1233 1179; x_wconf 28' lang='lat'>⁸</span> 
     </span>
     <span class='ocr_line' id='line_1_10' title="bbox 120 1183 1269 1276; baseline -0.009 -17"><span class='ocrx_word' id='word_1_66' title='bbox 120 1193 252 1259; x_wconf 83' lang='lat' dir='ltr'><strong>finibus</strong></span> <span class='ocrx_word' id='word_1_67' title='bbox 273 1190 342 1254; x_wconf 88' lang='lat' dir='ltr'><strong>suis</strong></span> <span class='ocrx_word' id='word_1_68' title='bbox 365 1189 529 1276; x_wconf 86' lang='lat' dir='ltr'><strong>progredi</strong></span> <span class='ocrx_word' id='word_1_69' title='bbox 548 1187 734 1276; x_wconf 85' lang='lat' dir='ltr'><strong>coepisset:</strong></span> <span class='ocrx_word' id='word_1_70' title='bbox 754 1197 923 1255; x_wconf 85' lang='lat' dir='ltr'><strong>armatum</strong></span> <span class='ocrx_word' id='word_1_71' title='bbox 950 1185 1130 1252; x_wconf 88' lang='lat' dir='ltr'><strong>concilium</strong></span> <span class='ocrx_word' id='word_1_72' title='bbox 1149 1186 1206 1251; x_wconf 91' lang='lat' dir='ltr'><strong>in·</strong></span> <span class='ocrx_word' id='word_1_73' title='bbox 1268 1183 1269 1187; x_wconf 61' lang='grc'>’</span> 
     </span>
     <span class='ocr_line' id='line_1_11' title="bbox 120 1278 1297 1379; baseline -0.004 -22"><span class='ocrx_word' id='word_1_74' title='bbox 120 1292 218 1372; x_wconf 85' lang='lat' dir='ltr'><strong>dicit,</strong></span> <span class='ocrx_word' id='word_1_75' title='bbox 240 1290 319 1371; x_wconf 88' lang='lat' dir='ltr'><strong>(hoo</strong></span> <span class='ocrx_word' id='word_1_76' title='bbox 345 1312 442 1354; x_wconf 89' lang='lat' dir='ltr'><strong>more</strong></span> <span class='ocrx_word' id='word_1_77' title='bbox 462 1289 645 1360; x_wconf 75' lang='lat' dir='ltr'><strong>Gallorum</strong></span> <span class='ocrx_word' id='word_1_78' title='bbox 670 1301 721 1377; x_wconf 76' lang='lat' dir='ltr'><strong>est</strong></span> <span class='ocrx_word' id='word_1_79' title='bbox 746 1278 887 1353; x_wconf 89' lang='lat' dir='ltr'><strong>initium</strong></span> <span class='ocrx_word' id='word_1_80' title='bbox 913 1287 1010 1368; x_wconf 89' lang='lat' dir='ltr'><strong>belli)</strong></span> <span class='ocrx_word' id='word_1_81' title='bbox 1026 1311 1103 1374; x_wconf 75' lang='lat' dir='ltr'><strong>,quo</strong></span> <span class='ocrx_word' id='word_1_82' title='bbox 1132 1289 1208 1376; x_wconf 88' lang='lat' dir='ltr'><strong>lege</strong></span> <span class='ocrx_word' id='word_1_83' title='bbox 1275 1290 1297 1379; x_wconf 51' lang='lat'><strong>3&#39;.</strong></span> 
     </span>
     <span class='ocr_line' id='line_1_12' title="bbox 120 1386 1206 1507; baseline 0 -48"><span class='ocrx_word' id='word_1_84' title='bbox 120 1393 302 1459; x_wconf 89' lang='lat' dir='ltr'><strong>communi</strong></span> <span class='ocrx_word' id='word_1_85' title='bbox 324 1396 440 1481; x_wconf 86' lang='lat' dir='ltr'><strong>omne&#39;s</strong></span> <span class='ocrx_word' id='word_1_86' title='bbox 459 1392 605 1479; x_wconf 86' lang='lat' dir='ltr'><strong>puberes</strong></span> <span class='ocrx_word' id='word_1_87' title='bbox 626 1391 749 1456; x_wconf 85' lang='lat' dir='ltr'><strong>armati</strong></span> <span class='ocrx_word' id='word_1_88' title='bbox 769 1387 955 1507; x_wconf 51' lang='lat' dir='ltr'><strong>contagiirc</strong></span> <span class='ocrx_word' id='word_1_89' title='bbox 979 1386 1186 1459; x_wconf 88' lang='lat' dir='ltr'><strong>consuerunt</strong></span> <span class='ocrx_word' id='word_1_90' title='bbox 1193 1416 1206 1474; x_wconf 79' lang='lat'>3</span> 
     </span>
     <span class='ocr_line' id='line_1_13' title="bbox 123 1491 1208 1583; baseline -0.002 -23"><span class='ocrx_word' id='word_1_91' title='bbox 123 1497 187 1583; x_wconf 86' lang='lat' dir='ltr'><strong>qui</strong></span> <span class='ocrx_word' id='word_1_92' title='bbox 203 1517 264 1581; x_wconf 67' lang='lat' dir='ltr'><strong>⁸eu</strong></span> <span class='ocrx_word' id='word_1_93' title='bbox 293 1494 336 1559; x_wconf 89' lang='lat' dir='ltr'><strong>iis</strong></span> <span class='ocrx_word' id='word_1_94' title='bbox 358 1492 563 1558; x_wconf 87' lang='lat' dir='ltr'><strong>novissimus</strong></span> <span class='ocrx_word' id='word_1_95' title='bbox 584 1491 688 1574; x_wconf 90' lang='lat' dir='ltr'><strong>venit,</strong></span> <span class='ocrx_word' id='word_1_96' title='bbox 715 1491 754 1557; x_wconf 89' lang='lat' dir='ltr'><strong>in</strong></span> <span class='ocrx_word' id='word_1_97' title='bbox 776 1496 957 1578; x_wconf 85' lang='lat' dir='ltr'><strong>conspectu</strong></span> <span class='ocrx_word' id='word_1_98' title='bbox 975 1492 1208 1558; x_wconf 84' lang='lat' dir='ltr'><strong>multitudinis</strong></span> 
     </span>
     <span class='ocr_line' id='line_1_14' title="bbox 122 1591 1208 1672; baseline -0.002 -10"><span class='ocrx_word' id='word_1_99' title='bbox 122 1595 286 1671; x_wconf 86' lang='lat' dir='ltr'><strong>omnibns</strong></span> <span class='ocrx_word' id='word_1_100' title='bbox 305 1592 521 1660; x_wconf 77' lang='lat' dir='ltr'><strong>cruciatibus</strong></span> <span class='ocrx_word' id='word_1_101' title='bbox 544 1592 685 1660; x_wconf 85' lang='lat' dir='ltr'><strong>affectus</strong></span> <span class='ocrx_word' id='word_1_102' title='bbox 713 1604 865 1663; x_wconf 84' lang='lat' dir='ltr'><strong>necatur.</strong></span> <span class='ocrx_word' id='word_1_103' title='bbox 923 1591 966 1656; x_wconf 90' lang='lat' dir='ltr'><strong>In</strong></span> <span class='ocrx_word' id='word_1_104' title='bbox 995 1615 1034 1669; x_wconf 87' lang='lat' dir='ltr'><strong>eo</strong></span> <span class='ocrx_word' id='word_1_105' title='bbox 1064 1594 1208 1672; x_wconf 86' lang='lat' dir='ltr'><strong>concilio</strong></span> 
     </span>
     <span class='ocr_line' id='line_1_15' title="bbox 123 1690 1264 1783; baseline 0.004 -24"><span class='ocrx_word' id='word_1_106' title='bbox 123 1694 403 1782; x_wconf 74' lang='lat' dir='ltr'><strong>Cingetorigem,</strong></span> <span class='ocrx_word' id='word_1_107' title='bbox 437 1695 577 1760; x_wconf 89' lang='lat' dir='ltr'><strong>alterius</strong></span> <span class='ocrx_word' id='word_1_108' title='bbox 605 1693 801 1783; x_wconf 81' lang='lat' dir='ltr'><strong>principem</strong></span> <span class='ocrx_word' id='word_1_109' title='bbox 829 1690 1007 1775; x_wconf 87' lang='lat' dir='ltr'><strong>factionis,</strong></span> <span class='ocrx_word' id='word_1_110' title='bbox 1042 1717 1209 1783; x_wconf 86' lang='lat' dir='ltr'><strong>generum</strong></span> <span class='ocrx_word' id='word_1_111' title='bbox 1261 1696 1264 1706; x_wconf 79' lang='grc'><strong>’</strong></span> 
     </span>
     <span class='ocr_line' id='line_1_16' title="bbox 122 1786 1223 1886; baseline 0.002 -24"><span class='ocrx_word' id='word_1_112' title='bbox 122 1816 241 1878; x_wconf 90' lang='lat' dir='ltr'><strong>suum,</strong></span> <span class='ocrx_word' id='word_1_113' title='bbox 271 1786 390 1886; x_wconf 83' lang='lat' dir='ltr'><strong>(quein</strong></span> <span class='ocrx_word' id='word_1_114' title='bbox 411 1818 517 1884; x_wconf 85' lang='lat' dir='ltr'><strong>supra</strong></span> <span class='ocrx_word' id='word_1_115' title='bbox 536 1795 853 1873; x_wconf 87' lang='lat' dir='ltr'><strong>demonstravimus,</strong></span> <span class='ocrx_word' id='word_1_116' title='bbox 883 1793 1034 1861; x_wconf 85' lang='lat' dir='ltr'><strong>Caesaris</strong></span> <span class='ocrx_word' id='word_1_117' title='bbox 1056 1813 1223 1864; x_wconf 34' lang='lat' dir='ltr'><strong>secutum⁸</strong></span> 
     </span>
     <span class='ocr_line' id='line_1_17' title="bbox 83 1886 1276 2001; baseline 0.001 -36"><span class='ocrx_word' id='word_1_118' title='bbox 83 1886 98 1901; x_wconf 70' lang='grc'><em>’</em></span> <span class='ocrx_word' id='word_1_119' title='bbox 123 1897 246 1980; x_wconf 88' lang='lat' dir='ltr'><strong>fidem,</strong></span> <span class='ocrx_word' id='word_1_120' title='bbox 266 1897 309 1961; x_wconf 89' lang='lat' dir='ltr'><strong>ab</strong></span> <span class='ocrx_word' id='word_1_121' title='bbox 330 1919 370 1961; x_wconf 90' lang='lat' dir='ltr'><strong>eo</strong></span> <span class='ocrx_word' id='word_1_122' title='bbox 393 1920 463 2001; x_wconf 68' lang='lat' dir='ltr'><strong>non</strong></span> <span class='ocrx_word' id='word_1_123' title='bbox 487 1895 691 1979; x_wconf 81' lang='lat' dir='ltr'><strong>discessisse)</strong></span> <span class='ocrx_word' id='word_1_124' title='bbox 711 1895 847 1983; x_wconf 86' lang='lat' dir='ltr'><strong>hostem</strong></span> <span class='ocrx_word' id='word_1_125' title='bbox 865 1895 1017 1977; x_wconf 81' lang='lat' dir='ltr'><strong>iudicat,</strong></span> <span class='ocrx_word' id='word_1_126' title='bbox 1051 1897 1208 1986; x_wconf 90' lang='lat' dir='ltr'><strong>bonaque</strong></span> <span class='ocrx_word' id='word_1_127' title='bbox 1274 1927 1276 1933; x_wconf 69' lang='grc'><em>’</em></span> 
     </span>
     <span class='ocr_line' id='line_1_18' title="bbox 95 1995 1209 2091; baseline -0.001 -26"><span class='ocrx_word' id='word_1_128' title='bbox 95 1998 204 2080; x_wconf 66' lang='lat' dir='ltr'><strong>‚eius</strong></span> <span class='ocrx_word' id='word_1_129' title='bbox 228 1995 396 2086; x_wconf 85' lang='lat' dir='ltr'><strong>publicat.</strong></span> <span class='ocrx_word' id='word_1_130' title='bbox 446 1999 637 2064; x_wconf 69' lang='lat' dir='ltr'><strong>His-rebus</strong></span> <span class='ocrx_word' id='word_1_131' title='bbox 664 1997 844 2080; x_wconf 85' lang='lat' dir='ltr'><strong>confectis,</strong></span> <span class='ocrx_word' id='word_1_132' title='bbox 882 1998 921 2063; x_wconf 86' lang='lat' dir='ltr'><strong>in</strong></span> <span class='ocrx_word' id='word_1_133' title='bbox 949 1999 1094 2066; x_wconf 89' lang='lat' dir='ltr'><strong>concilio</strong></span> <span class='ocrx_word' id='word_1_134' title='bbox 1124 2025 1209 2091; x_wconf 86' lang='lat' dir='ltr'><strong>pro-¹</strong></span> 
     </span>
     <span class='ocr_line' id='line_1_19' title="bbox 124 2098 1273 2182; baseline 0.001 -15"><span class='ocrx_word' id='word_1_135' title='bbox 124 2099 280 2178; x_wconf 84' lang='lat' dir='ltr'><strong>nunciat,</strong></span> <span class='ocrx_word' id='word_1_136' title='bbox 302 2098 499 2165; x_wconf 84' lang='lat' dir='ltr'><strong>arcessitum</strong></span> <span class='ocrx_word' id='word_1_137' title='bbox 519 2119 555 2164; x_wconf 90' lang='lat' dir='ltr'><strong>se</strong></span> <span class='ocrx_word' id='word_1_138' title='bbox 575 2099 803 2166; x_wconf 90' lang='lat' dir='ltr'><strong>aSenonibus</strong></span> <span class='ocrx_word' id='word_1_139' title='bbox 823 2108 859 2163; x_wconf 87' lang='lat' dir='ltr'><strong>et</strong></span> <span class='ocrx_word' id='word_1_140' title='bbox 875 2098 1093 2182; x_wconf 87' lang='lat' dir='ltr'><strong>Carnutibus,</strong></span> <span class='ocrx_word' id='word_1_141' title='bbox 1114 2103 1210 2168; x_wconf 87' lang='lat' dir='ltr'><strong>aliis·-</strong></span> <span class='ocrx_word' id='word_1_142' title='bbox 1245 2117 1247 2127; x_wconf 61' lang='lat'><strong>¹</strong></span> <span class='ocrx_word' id='word_1_143' title='bbox 1270 2142 1273 2151; x_wconf 39' lang='grc' dir='ltr'><em>ι</em></span> 
     </span>
     <span class='ocr_line' id='line_1_20' title="bbox 126 2189 1261 2290; baseline 0.004 -24"><span class='ocrx_word' id='word_1_144' title='bbox 126 2224 198 2290; x_wconf 89' lang='lat' dir='ltr'><strong>que</strong></span> <span class='ocrx_word' id='word_1_145' title='bbox 217 2199 448 2288; x_wconf 84' lang='lat' dir='ltr'><strong>compluribus</strong></span> <span class='ocrx_word' id='word_1_146' title='bbox 469 2199 599 2266; x_wconf 90' lang='lat' dir='ltr'><strong>Galliae</strong></span> <span class='ocrx_word' id='word_1_147' title='bbox 620 2201 809 2267; x_wconf 86' lang='lat' dir='ltr'><strong>civitatibus</strong></span> <span class='ocrx_word' id='word_1_148' title='bbox 817 2249 836 2280; x_wconf 90' lang='lat'><strong>,.</strong></span> <span class='ocrx_word' id='word_1_149' title='bbox 865 2200 943 2267; x_wconf 87' lang='lat' dir='ltr'><strong>huo.</strong></span> <span class='ocrx_word' id='word_1_150' title='bbox 955 2201 1022 2268; x_wconf 90' lang='lat' dir='ltr'><strong>iter</strong></span> <span class='ocrx_word' id='word_1_151' title='bbox 1037 2189 1209 2271; x_wconf 85' lang='lat' dir='ltr'><strong>facturum</strong></span> <span class='ocrx_word' id='word_1_152' title='bbox 1253 2246 1261 2271; x_wconf 89' lang='grc'><strong>.</strong></span> 
     </span>
     <span class='ocr_line' id='line_1_21' title="bbox 125 2301 1209 2394; baseline 0.003 -25"><span class='ocrx_word' id='word_1_153' title='bbox 125 2326 193 2394; x_wconf 90' lang='lat' dir='ltr'><strong>per</strong></span> <span class='ocrx_word' id='word_1_154' title='bbox 213 2302 297 2369; x_wconf 88' lang='lat' dir='ltr'><strong>fines</strong></span> <span class='ocrx_word' id='word_1_155' title='bbox 315 2301 524 2382; x_wconf 86' lang='lat' dir='ltr'><strong>Remorum,</strong></span> <span class='ocrx_word' id='word_1_156' title='bbox 558 2325 747 2389; x_wconf 88' lang='lat' dir='ltr'><strong>eorumque</strong></span> <span class='ocrx_word' id='word_1_157' title='bbox 775 2325 872 2390; x_wconf 89' lang='lat' dir='ltr'><strong>agros</strong></span> <span class='ocrx_word' id='word_1_158' title='bbox 900 2305 1145 2394; x_wconf 85' lang='lat' dir='ltr'><strong>populaturum</strong></span> <span class='ocrx_word' id='word_1_159' title='bbox 1170 2328 1209 2372; x_wconf 89' lang='lat' dir='ltr'><strong>ac</strong></span> 
     </span>
     <span class='ocr_line' id='line_1_22' title="bbox 89 2403 1261 2497; baseline 0.001 -25"><span class='ocrx_word' id='word_1_160' title='bbox 89 2440 96 2455; x_wconf 75' lang='lat'>=</span> <span class='ocrx_word' id='word_1_161' title='bbox 124 2408 245 2497; x_wconf 85' lang='lat' dir='ltr'><strong>prius,</strong></span> <span class='ocrx_word' id='word_1_162' title='bbox 280 2426 383 2490; x_wconf 89' lang='lat' dir='ltr'><strong>quam</strong></span> <span class='ocrx_word' id='word_1_163' title='bbox 402 2403 439 2469; x_wconf 90' lang='lat' dir='ltr'><strong>id</strong></span> <span class='ocrx_word' id='word_1_164' title='bbox 458 2403 580 2484; x_wconf 90' lang='lat' dir='ltr'><strong>faciat,</strong></span> <span class='ocrx_word' id='word_1_165' title='bbox 617 2403 762 2471; x_wconf 84' lang='lat' dir='ltr'><strong>Labieni</strong></span> <span class='ocrx_word' id='word_1_166' title='bbox 782 2416 890 2473; x_wconf 84' lang='lat' dir='ltr'><strong>castra</strong></span> <span class='ocrx_word' id='word_1_167' title='bbox 906 2416 1209 2495; x_wconf 73' lang='lat' dir='ltr'><strong>oppugnaturum:</strong></span> <span class='ocrx_word' id='word_1_168' title='bbox 1257 2487 1261 2495; x_wconf 30' lang='grc' dir='ltr'>Ι</span> 
     </span>
     <span class='ocr_line' id='line_1_23' title="bbox 126 2504 1123 2599; baseline -0.01 -26"><span class='ocrx_word' id='word_1_169' title='bbox 126 2531 217 2596; x_wconf 86' lang='lat' dir='ltr'><strong>quae</strong></span> <span class='ocrx_word' id='word_1_170' title='bbox 236 2506 314 2589; x_wconf 86' lang='lat' dir='ltr'><strong>fieri</strong></span> <span class='ocrx_word' id='word_1_171' title='bbox 334 2504 428 2588; x_wconf 86' lang='lat' dir='ltr'><strong>velit,</strong></span> <span class='ocrx_word' id='word_1_172' title='bbox 444 2505 624 2594; x_wconf 79' lang='lat' dir='ltr'><strong>praecipit.</strong></span> <span class='ocrx_word' id='word_1_173' title='bbox 923 2576 926 2584; x_wconf 28' lang='lat'>¹</span> <span class='ocrx_word' id='word_1_174' title='bbox 1075 2577 1081 2599; x_wconf 40' lang='grc' dir='ltr'><strong><em>Ι</em></strong></span> <span class='ocrx_word' id='word_1_175' title='bbox 1121 2560 1123 2563; x_wconf 86' lang='grc'><strong>.</strong></span> 
     </span>
     <span class='ocr_line' id='line_1_24' title="bbox 124 2604 1211 2694; baseline -0.001 -16"><span class='ocrx_word' id='word_1_176' title='bbox 124 2606 129 2612; x_wconf 67' lang='grc'><strong>’</strong></span> <span class='ocrx_word' id='word_1_177' title='bbox 174 2608 261 2678; x_wconf 70' lang='lat' dir='ltr'><strong>Car.</strong></span> <span class='ocrx_word' id='word_1_178' title='bbox 283 2606 393 2674; x_wconf 82' lang='lat' dir='ltr'><strong>LVII.</strong></span> <span class='ocrx_word' id='word_1_179' title='bbox 433 2606 615 2689; x_wconf 87' lang='lat' dir='ltr'><strong>Labienus,</strong></span> <span class='ocrx_word' id='word_1_180' title='bbox 636 2627 742 2694; x_wconf 88' lang='lat' dir='ltr'><strong>quum</strong></span> <span class='ocrx_word' id='word_1_181' title='bbox 767 2621 802 2674; x_wconf 90' lang='lat' dir='ltr'><strong>et</strong></span> <span class='ocrx_word' id='word_1_182' title='bbox 822 2604 889 2675; x_wconf 90' lang='lat' dir='ltr'><strong>loci</strong></span> <span class='ocrx_word' id='word_1_183' title='bbox 908 2616 1031 2678; x_wconf 84' lang='lat' dir='ltr'><strong>natura</strong></span> <span class='ocrx_word' id='word_1_184' title='bbox 1051 2621 1085 2675; x_wconf 89' lang='lat' dir='ltr'><strong>et</strong></span> <span class='ocrx_word' id='word_1_185' title='bbox 1104 2631 1211 2677; x_wconf 89' lang='lat' dir='ltr'><strong>manu</strong></span> 
     </span>
     <span class='ocr_line' id='line_1_25' title="bbox 91 2706 1210 2799; baseline -0.002 -21"><span class='ocrx_word' id='word_1_186' title='bbox 91 2750 94 2755; x_wconf 93' lang='lat'>·</span> <span class='ocrx_word' id='word_1_187' title='bbox 126 2707 369 2778; x_wconf 86' lang='lat' dir='ltr'><strong>munitissimis</strong></span> <span class='ocrx_word' id='word_1_188' title='bbox 398 2707 515 2772; x_wconf 79' lang='lat' dir='ltr'><strong>castris</strong></span> <span class='ocrx_word' id='word_1_189' title='bbox 544 2730 617 2772; x_wconf 90' lang='lat' dir='ltr'><strong>sese</strong></span> <span class='ocrx_word' id='word_1_190' title='bbox 651 2721 802 2790; x_wconf 89' lang='lat' dir='ltr'><strong>teneret,</strong></span> <span class='ocrx_word' id='word_1_191' title='bbox 839 2709 880 2774; x_wconf 89' lang='lat' dir='ltr'><strong>de</strong></span> <span class='ocrx_word' id='word_1_192' title='bbox 905 2706 983 2799; x_wconf 78' lang='lat' dir='ltr'><strong>suo¹</strong></span> <span class='ocrx_word' id='word_1_193' title='bbox 999 2732 1037 2778; x_wconf 89' lang='lat' dir='ltr'><strong>ac</strong></span> <span class='ocrx_word' id='word_1_194' title='bbox 1064 2711 1210 2799; x_wconf 88' lang='lat' dir='ltr'><strong>legionis</strong></span> 
     </span>
     <span class='ocr_line' id='line_1_26' title="bbox 127 2807 1250 2904; baseline 0.002 -27"><span class='ocrx_word' id='word_1_195' title='bbox 127 2810 289 2904; x_wconf 87' lang='lat' dir='ltr'><strong>periculo</strong></span> <span class='ocrx_word' id='word_1_196' title='bbox 311 2807 398 2877; x_wconf 86' lang='lat' dir='ltr'><strong>nihil</strong></span> <span class='ocrx_word' id='word_1_197' title='bbox 418 2809 557 2875; x_wconf 88' lang='lat' dir='ltr'><strong>timebat</strong></span> <span class='ocrx_word' id='word_1_198' title='bbox 564 2833 578 2892; x_wconf 78' lang='lat'>3</span> <span class='ocrx_word' id='word_1_199' title='bbox 605 2829 651 2876; x_wconf 89' lang='lat' dir='ltr'><strong>ne</strong></span> <span class='ocrx_word' id='word_1_200' title='bbox 670 2808 774 2901; x_wconf 84' lang='lat' dir='ltr'><strong>quam</strong></span> <span class='ocrx_word' id='word_1_201' title='bbox 803 2809 1015 2881; x_wconf 87' lang='lat' dir='ltr'><strong>occasionem</strong></span> <span class='ocrx_word' id='word_1_202' title='bbox 1043 2812 1097 2879; x_wconf 87' lang='lat' dir='ltr'><strong>rei</strong></span> <span class='ocrx_word' id='word_1_203' title='bbox 1123 2811 1211 2879; x_wconf 89' lang='lat' dir='ltr'><strong>bene</strong></span> <span class='ocrx_word' id='word_1_204' title='bbox 1229 2834 1250 2900; x_wconf 45' lang='lat' dir='ltr'><strong>g</strong></span> 
     </span>
    </p>
   </div>
   <div class='ocr_carea' id='block_1_3' title="bbox 117 2978 1294 3628">
    <p class='ocr_par' dir='ltr' id='par_1_3' title="bbox 117 2978 1240 3283">
     <span class='ocr_line' id='line_1_27' title="bbox 118 2978 1232 3080; baseline -0.005 -15"><span class='ocrx_word' id='word_1_205' title='bbox 118 3007 338 3080; x_wconf 79' lang='lat' dir='ltr'><strong>-spraohrichtig,</strong></span> <span class='ocrx_word' id='word_1_206' title='bbox 365 3005 480 3058; x_wconf 82' lang='lat' dir='ltr'><strong>sondern</strong></span> <span class='ocrx_word' id='word_1_207' title='bbox 509 3005 575 3059; x_wconf 84' lang='lat' dir='ltr'><strong>auch</strong></span> <span class='ocrx_word' id='word_1_208' title='bbox 592 2993 657 3073; x_wconf 66' lang='lat' dir='ltr'><strong>gala</strong></span> <span class='ocrx_word' id='word_1_209' title='bbox 678 2978 887 3076; x_wconf 68' lang='lat' dir='ltr'><strong>elgeritbfimllcb</strong></span> <span class='ocrx_word' id='word_1_210' title='bbox 904 3008 960 3060; x_wconf 86' lang='lat' dir='ltr'><strong>und</strong></span> <span class='ocrx_word' id='word_1_211' title='bbox 978 3002 1232 3060; x_wconf 62' lang='lat' dir='ltr'><strong>cheretim-iniret..</strong></span> 
     </span>
     <span class='ocr_line' id='line_1_28' title="bbox 128 3077 1240 3145; baseline -0.002 -16"><span class='ocrx_word' id='word_1_212' title='bbox 128 3081 167 3133; x_wconf 79' lang='lat' dir='ltr'><strong>Es</strong></span> <span class='ocrx_word' id='word_1_213' title='bbox 187 3079 323 3145; x_wconf 84' lang='lat' dir='ltr'><strong>bedentet:</strong></span> <span class='ocrx_word' id='word_1_214' title='bbox 353 3077 421 3128; x_wconf 83' lang='lat' dir='ltr'><strong>iiber</strong></span> <span class='ocrx_word' id='word_1_215' title='bbox 437 3079 515 3128; x_wconf 88' lang='lat' dir='ltr'><strong>einen</strong></span> <span class='ocrx_word' id='word_1_216' title='bbox 539 3079 623 3128; x_wconf 88' lang='lat' dir='ltr'><strong>llaum</strong></span> <span class='ocrx_word' id='word_1_217' title='bbox 643 3077 712 3137; x_wconf 71' lang='lat' dir='ltr'><strong>Irin,</strong></span> <span class='ocrx_word' id='word_1_218' title='bbox 742 3078 826 3128; x_wconf 88' lang='lat' dir='ltr'><strong>durch</strong></span> <span class='ocrx_word' id='word_1_219' title='bbox 854 3079 899 3129; x_wconf 88' lang='lat' dir='ltr'><strong>die</strong></span> <span class='ocrx_word' id='word_1_220' title='bbox 922 3096 1003 3144; x_wconf 79' lang='lat' dir='ltr'><strong>genae</strong></span> <span class='ocrx_word' id='word_1_221' title='bbox 1027 3079 1124 3130; x_wconf 73' lang='lat' dir='ltr'><strong>Flecte</strong></span> <span class='ocrx_word' id='word_1_222' title='bbox 1148 3078 1210 3141; x_wconf 71' lang='lat' dir='ltr'><strong>hin,</strong></span> <span class='ocrx_word' id='word_1_223' title='bbox 1237 3128 1240 3137; x_wconf 77' lang='grc'>,</span> 
     </span>
     <span class='ocr_line' id='line_1_29' title="bbox 128 3134 1211 3213; baseline -0.003 -15"><span class='ocrx_word' id='word_1_224' title='bbox 128 3168 154 3201; x_wconf 80' lang='grc' dir='ltr'><strong>ι..</strong></span> <span class='ocrx_word' id='word_1_225' title='bbox 170 3149 201 3198; x_wconf 88' lang='grc' dir='ltr'><strong>Β.</strong></span> <span class='ocrx_word' id='word_1_226' title='bbox 217 3148 247 3197; x_wconf 93' lang='grc' dir='ltr'><strong>Β.</strong></span> <span class='ocrx_word' id='word_1_227' title='bbox 263 3147 297 3198; x_wconf 82' lang='lat' dir='ltr'><strong>G.</strong></span> <span class='ocrx_word' id='word_1_228' title='bbox 310 3145 369 3206; x_wconf 85' lang='lat' dir='ltr'><strong>VII,</strong></span> <span class='ocrx_word' id='word_1_229' title='bbox 388 3144 431 3196; x_wconf 85' lang='lat'><strong>24.</strong></span> <span class='ocrx_word' id='word_1_230' title='bbox 449 3156 509 3197; x_wconf 82' lang='lat' dir='ltr'><strong>toto</strong></span> <span class='ocrx_word' id='word_1_231' title='bbox 528 3165 613 3197; x_wconf 85' lang='lat' dir='ltr'><strong>muro.</strong></span> <span class='ocrx_word' id='word_1_232' title='bbox 640 3147 670 3196; x_wconf 89' lang='grc' dir='ltr'><strong>Β.</strong></span> <span class='ocrx_word' id='word_1_233' title='bbox 688 3145 718 3197; x_wconf 78' lang='grc' dir='ltr'><strong>Ο.</strong></span> <span class='ocrx_word' id='word_1_234' title='bbox 735 3147 783 3207; x_wconf 89' lang='lat'><strong>111,</strong></span> <span class='ocrx_word' id='word_1_235' title='bbox 803 3164 826 3202; x_wconf 86' lang='lat'><strong>1.</strong></span> <span class='ocrx_word' id='word_1_236' title='bbox 845 3157 909 3199; x_wconf 80' lang='lat' dir='ltr'><strong>tota</strong></span> <span class='ocrx_word' id='word_1_237' title='bbox 925 3134 1023 3199; x_wconf 60' lang='lat' dir='ltr'><strong>Italae.</strong></span> <span class='ocrx_word' id='word_1_238' title='bbox 1043 3148 1110 3213; x_wconf 85' lang='lat' dir='ltr'><strong>Nep.</strong></span> <span class='ocrx_word' id='word_1_239' title='bbox 1125 3146 1211 3201; x_wconf 69' lang='lat' dir='ltr'><strong>Praei.</strong></span> 
     </span>
     <span class='ocr_line' id='line_1_30' title="bbox 117 3213 1211 3283; baseline -0.005 -14"><span class='ocrx_word' id='word_1_240' title='bbox 117 3226 196 3277; x_wconf 66' lang='lat' dir='ltr'><strong>&#39;tota</strong></span> <span class='ocrx_word' id='word_1_241' title='bbox 217 3215 345 3267; x_wconf 78' lang='lat' dir='ltr'><strong>Graecia·</strong></span> <span class='ocrx_word' id='word_1_242' title='bbox 363 3213 419 3264; x_wconf 89' lang='lat' dir='ltr'><strong>Cic.</strong></span> <span class='ocrx_word' id='word_1_243' title='bbox 438 3214 471 3264; x_wconf 88' lang='lat' dir='ltr'><strong>de</strong></span> <span class='ocrx_word' id='word_1_244' title='bbox 489 3216 548 3266; x_wconf 84' lang='lat' dir='ltr'><strong>Nat.</strong></span> <span class='ocrx_word' id='word_1_245' title='bbox 562 3215 644 3265; x_wconf 83' lang='lat' dir='ltr'><strong>Deor.</strong></span> <span class='ocrx_word' id='word_1_246' title='bbox 661 3216 694 3274; x_wconf 89' lang='lat'><strong>11,</strong></span> <span class='ocrx_word' id='word_1_247' title='bbox 712 3216 754 3283; x_wconf 81' lang='lat'><strong>37.</strong></span> <span class='ocrx_word' id='word_1_248' title='bbox 778 3229 833 3266; x_wconf 85' lang='lat' dir='ltr'><strong>toto</strong></span> <span class='ocrx_word' id='word_1_249' title='bbox 852 3218 935 3266; x_wconf 88' lang='lat' dir='ltr'><strong>coelo.</strong></span> <span class='ocrx_word' id='word_1_250' title='bbox 964 3214 1033 3283; x_wconf 83' lang='lat' dir='ltr'><strong>Nep.</strong></span> <span class='ocrx_word' id='word_1_251' title='bbox 1051 3216 1110 3282; x_wconf 89' lang='lat' dir='ltr'><strong>lph.</strong></span> <span class='ocrx_word' id='word_1_252' title='bbox 1130 3214 1165 3276; x_wconf 88' lang='lat' dir='ltr'><strong>Il,</strong></span> <span class='ocrx_word' id='word_1_253' title='bbox 1183 3215 1211 3267; x_wconf 76' lang='lat'><strong>3.</strong></span> 
     </span>
    </p>

    <p class='ocr_par' dir='ltr' id='par_1_4' title="bbox 130 3280 1294 3628">
     <span class='ocr_line' id='line_1_31' title="bbox 201 3280 1210 3353; baseline 0.001 -19"><span class='ocrx_word' id='word_1_254' title='bbox 201 3282 266 3351; x_wconf 88' lang='lat' dir='ltr'><strong>Cap.</strong></span> <span class='ocrx_word' id='word_1_255' title='bbox 290 3282 357 3333; x_wconf 86' lang='lat' dir='ltr'><strong>LVI.</strong></span> <span class='ocrx_word' id='word_1_256' title='bbox 396 3281 567 3350; x_wconf 81' lang='lat' dir='ltr'><strong>novissimus]</strong></span> <span class='ocrx_word' id='word_1_257' title='bbox 608 3283 630 3334; x_wconf 89' lang='grc' dir='ltr'><strong>Ι.</strong></span> <span class='ocrx_word' id='word_1_258' title='bbox 656 3300 679 3334; x_wconf 86' lang='lat' dir='ltr'><strong>e.</strong></span> <span class='ocrx_word' id='word_1_259' title='bbox 700 3293 859 3351; x_wconf 81' lang='lat' dir='ltr'><strong>postremus</strong></span> <span class='ocrx_word' id='word_1_260' title='bbox 882 3285 991 3346; x_wconf 83' lang='lat' dir='ltr'><strong>ordine,</strong></span> <span class='ocrx_word' id='word_1_261' title='bbox 1025 3280 1113 3353; x_wconf 79' lang='lat' dir='ltr'><strong>(siche</strong></span> <span class='ocrx_word' id='word_1_262' title='bbox 1140 3286 1210 3335; x_wconf 85' lang='lat' dir='ltr'><strong>oben</strong></span> 
     </span>
     <span class='ocr_line' id='line_1_32' title="bbox 132 3344 1212 3418; baseline -0.001 -15"><span class='ocrx_word' id='word_1_263' title='bbox 132 3356 155 3412; x_wconf 80' lang='lat'><strong>1,</strong></span> <span class='ocrx_word' id='word_1_264' title='bbox 177 3344 229 3418; x_wconf 76' lang='lat' dir='ltr'><strong>rb.)</strong></span> <span class='ocrx_word' id='word_1_265' title='bbox 247 3369 295 3418; x_wconf 85' lang='lat' dir='ltr'><strong>per</strong></span> <span class='ocrx_word' id='word_1_266' title='bbox 310 3353 416 3407; x_wconf 76' lang='lat' dir='ltr'><strong>Meton„</strong></span> <span class='ocrx_word' id='word_1_267' title='bbox 432 3352 537 3415; x_wconf 80' lang='lat' dir='ltr'><strong>cigentl.</strong></span> <span class='ocrx_word' id='word_1_268' title='bbox 552 3352 609 3410; x_wconf 85' lang='lat' dir='ltr'><strong>der,</strong></span> <span class='ocrx_word' id='word_1_269' title='bbox 625 3351 740 3400; x_wconf 81' lang='lat' dir='ltr'><strong>welcher</strong></span> <span class='ocrx_word' id='word_1_270' title='bbox 760 3355 856 3416; x_wconf 76' lang='lat' dir='ltr'><strong>zuletzt</strong></span> <span class='ocrx_word' id='word_1_271' title='bbox 872 3369 925 3403; x_wconf 80' lang='lat' dir='ltr'><strong>mu·</strong></span> <span class='ocrx_word' id='word_1_272' title='bbox 940 3355 968 3403; x_wconf 87' lang='lat' dir='ltr'><strong>in</strong></span> <span class='ocrx_word' id='word_1_273' title='bbox 983 3353 1027 3402; x_wconf 85' lang='lat' dir='ltr'><strong>die</strong></span> <span class='ocrx_word' id='word_1_274' title='bbox 1043 3353 1126 3404; x_wconf 87' lang='lat' dir='ltr'><strong>Sinne</strong></span> <span class='ocrx_word' id='word_1_275' title='bbox 1144 3354 1212 3415; x_wconf 61' lang='lat' dir='ltr'><strong>fulla,</strong></span> 
     </span>
     <span class='ocr_line' id='line_1_33' title="bbox 132 3419 1211 3493; baseline 0.001 -23"><span class='ocrx_word' id='word_1_276' title='bbox 132 3419 307 3487; x_wconf 83' lang='lat' dir='ltr'><strong>Gegenstand</strong></span> <span class='ocrx_word' id='word_1_277' title='bbox 324 3419 468 3468; x_wconf 84' lang='lat' dir='ltr'><strong>sinuliebcr</strong></span> <span class='ocrx_word' id='word_1_278' title='bbox 482 3419 708 3485; x_wconf 80' lang='lat' dir='ltr'><strong>Wahrnehmung,</strong></span> <span class='ocrx_word' id='word_1_279' title='bbox 724 3420 752 3469; x_wconf 92' lang='lat' dir='ltr'><strong>in</strong></span> <span class='ocrx_word' id='word_1_280' title='bbox 770 3421 818 3471; x_wconf 87' lang='lat' dir='ltr'><strong>der</strong></span> <span class='ocrx_word' id='word_1_281' title='bbox 834 3421 1023 3493; x_wconf 71' lang='lat' dir='ltr'><strong>Erecheimmg,</strong></span> <span class='ocrx_word' id='word_1_282' title='bbox 1039 3422 1116 3473; x_wconf 84' lang='lat' dir='ltr'><strong>wird.</strong></span> <span class='ocrx_word' id='word_1_283' title='bbox 1144 3421 1211 3471; x_wconf 75' lang='lat' dir='ltr'><strong>Alco</strong></span> 
     </span>
     <span class='ocr_line' id='line_1_34' title="bbox 130 3487 1212 3554; baseline -0.002 -15"><span class='ocrx_word' id='word_1_284' title='bbox 130 3490 208 3540; x_wconf 77' lang='lat' dir='ltr'><strong>nicht</strong></span> <span class='ocrx_word' id='word_1_285' title='bbox 224 3487 461 3554; x_wconf 82' lang='lat' dir='ltr'><strong>gleicbbedeutend</strong></span> <span class='ocrx_word' id='word_1_286' title='bbox 476 3489 526 3537; x_wconf 90' lang='lat' dir='ltr'><strong>mit</strong></span> <span class='ocrx_word' id='word_1_287' title='bbox 542 3487 662 3548; x_wconf 76' lang='lat' dir='ltr'><strong>ultimus,</strong></span> <span class='ocrx_word' id='word_1_288' title='bbox 686 3487 712 3537; x_wconf 90' lang='lat' dir='ltr'><strong>d.</strong></span> <span class='ocrx_word' id='word_1_289' title='bbox 732 3489 750 3540; x_wconf 75' lang='lat' dir='ltr'><strong>i.</strong></span> <span class='ocrx_word' id='word_1_290' title='bbox 769 3489 817 3539; x_wconf 84' lang='lat' dir='ltr'><strong>der</strong></span> <span class='ocrx_word' id='word_1_291' title='bbox 837 3508 881 3541; x_wconf 85' lang='lat' dir='ltr'><strong>am</strong></span> <span class='ocrx_word' id='word_1_292' title='bbox 904 3492 1050 3542; x_wconf 81' lang='lat' dir='ltr'><strong>wer&#39;testen</strong></span> <span class='ocrx_word' id='word_1_293' title='bbox 1072 3508 1136 3540; x_wconf 82' lang='lat' dir='ltr'><strong>vom</strong></span> <span class='ocrx_word' id='word_1_294' title='bbox 1151 3488 1212 3539; x_wconf 87' lang='lat' dir='ltr'><strong>An-</strong></span> 
     </span>
     <span class='ocr_line' id='line_1_35' title="bbox 130 3552 1294 3628; baseline -0.002 -21"><span class='ocrx_word' id='word_1_295' title='bbox 130 3553 323 3624; x_wconf 72' lang='lat' dir='ltr'><strong>faugspunlste,</strong></span> <span class='ocrx_word' id='word_1_296' title='bbox 352 3555 417 3605; x_wconf 86' lang='lat' dir='ltr'><strong>oder</strong></span> <span class='ocrx_word' id='word_1_297' title='bbox 433 3573 484 3605; x_wconf 84' lang='lat' dir='ltr'><strong>von</strong></span> <span class='ocrx_word' id='word_1_298' title='bbox 502 3556 565 3605; x_wconf 83' lang='lat' dir='ltr'><strong>dem</strong></span> <span class='ocrx_word' id='word_1_299' title='bbox 580 3555 743 3606; x_wconf 86' lang='lat' dir='ltr'><strong>Beobachter</strong></span> <span class='ocrx_word' id='word_1_300' title='bbox 764 3558 937 3628; x_wconf 83' lang='lat' dir='ltr'><strong>Entfernte,·</strong></span> <span class='ocrx_word' id='word_1_301' title='bbox 963 3568 1134 3627; x_wconf 82' lang='lat' dir='ltr'><strong>postremus,</strong></span> <span class='ocrx_word' id='word_1_302' title='bbox 1165 3558 1214 3607; x_wconf 84' lang='lat' dir='ltr'><strong>der</strong></span> <span class='ocrx_word' id='word_1_303' title='bbox 1291 3552 1294 3557; x_wconf 45' lang='lat'><strong>⁴</strong></span> 
     </span>
    </p>
   </div>
   <div class='ocr_carea' id='block_1_4' title="bbox 130 3624 1299 3697">
    <p class='ocr_par' dir='ltr' id='par_1_5' title="bbox 130 3624 1299 3697">
     <span class='ocr_line' id='line_1_36' title="bbox 130 3624 1299 3697; baseline -0.002 -21"><span class='ocrx_word' id='word_1_304' title='bbox 130 3628 244 3687; x_wconf 73' lang='lat' dir='ltr'><strong>Lente,</strong></span> <span class='ocrx_word' id='word_1_305' title='bbox 258 3626 375 3675; x_wconf 85' lang='lat' dir='ltr'><strong>insofcrn</strong></span> <span class='ocrx_word' id='word_1_306' title='bbox 393 3624 436 3673; x_wconf 90' lang='lat' dir='ltr'><strong>ich</strong></span> <span class='ocrx_word' id='word_1_307' title='bbox 453 3624 506 3673; x_wconf 84' lang='lat' dir='ltr'><strong>mir</strong></span> <span class='ocrx_word' id='word_1_308' title='bbox 523 3625 585 3677; x_wconf 81' lang='lat' dir='ltr'><strong>eine</strong></span> <span class='ocrx_word' id='word_1_309' title='bbox 600 3624 771 3688; x_wconf 81' lang='lat' dir='ltr'><strong>ganzelleihe</strong></span> <span class='ocrx_word' id='word_1_310' title='bbox 786 3645 837 3678; x_wconf 79' lang='lat' dir='ltr'><strong>vor</strong></span> <span class='ocrx_word' id='word_1_311' title='bbox 855 3626 935 3691; x_wconf 84' lang='lat' dir='ltr'><strong>demj.</strong></span> <span class='ocrx_word' id='word_1_312' title='bbox 952 3628 1100 3691; x_wconf 80' lang='lat' dir='ltr'><strong>ausgestellt</strong></span> <span class='ocrx_word' id='word_1_313' title='bbox 1116 3624 1211 3687; x_wconf 79' lang='lat' dir='ltr'><strong>deols,</strong></span> <span class='ocrx_word' id='word_1_314' title='bbox 1251 3678 1265 3697; x_wconf 42' lang='lat' dir='ltr'><em>e</em></span> <span class='ocrx_word' id='word_1_315' title='bbox 1296 3632 1299 3641; x_wconf 91' lang='grc'><strong>“</strong></span> 
     </span>
    </p>
   </div>
   <div class='ocr_carea' id='block_1_5' title="bbox 132 3692 1273 3759">
    <p class='ocr_par' dir='ltr' id='par_1_6' title="bbox 132 3692 1273 3759">
     <span class='ocr_line' id='line_1_37' title="bbox 132 3692 1273 3759; baseline 0 -15"><span class='ocrx_word' id='word_1_316' title='bbox 132 3695 182 3746; x_wconf 80' lang='lat' dir='ltr'><strong>der</strong></span> <span class='ocrx_word' id='word_1_317' title='bbox 197 3694 250 3746; x_wconf 87' lang='lat' dir='ltr'><strong>den</strong></span> <span class='ocrx_word' id='word_1_318' title='bbox 266 3692 402 3742; x_wconf 84' lang='lat' dir='ltr'><strong>Rescbluss</strong></span> <span class='ocrx_word' id='word_1_319' title='bbox 421 3693 639 3749; x_wconf 80' lang='lat' dir='ltr'><strong>macht.&#39;Gellius</strong></span> <span class='ocrx_word' id='word_1_320' title='bbox 659 3695 736 3747; x_wconf 80' lang='lat' dir='ltr'><strong>Nost.</strong></span> <span class='ocrx_word' id='word_1_321' title='bbox 753 3692 807 3746; x_wconf 79' lang='lat' dir='ltr'><strong>Aa.</strong></span> <span class='ocrx_word' id='word_1_322' title='bbox 824 3692 860 3756; x_wconf 78' lang='grc' dir='ltr'><strong>Χ,</strong></span> <span class='ocrx_word' id='word_1_323' title='bbox 878 3712 920 3746; x_wconf 81' lang='lat'><strong>21.</strong></span> <span class='ocrx_word' id='word_1_324' title='bbox 938 3707 1003 3759; x_wconf 84' lang='lat' dir='ltr'><strong>sagt,</strong></span> <span class='ocrx_word' id='word_1_325' title='bbox 1029 3695 1122 3745; x_wconf 88' lang='lat' dir='ltr'><strong>Cicero</strong></span> <span class='ocrx_word' id='word_1_326' title='bbox 1143 3695 1212 3744; x_wconf 84' lang='lat' dir='ltr'><strong>habe</strong></span> <span class='ocrx_word' id='word_1_327' title='bbox 1271 3720 1273 3733; x_wconf 68' lang='grc' dir='ltr'>ι</span> 
     </span>
    </p>
   </div>
   <div class='ocr_carea' id='block_1_6' title="bbox 97 3760 1299 3831">
    <p class='ocr_par' dir='ltr' id='par_1_7' title="bbox 97 3760 1299 3831">
     <span class='ocr_line' id='line_1_38' title="bbox 97 3760 1299 3831; baseline -0.001 -16"><span class='ocrx_word' id='word_1_328' title='bbox 97 3796 100 3803; x_wconf 90' lang='lat'>·</span> <span class='ocrx_word' id='word_1_329' title='bbox 130 3763 298 3815; x_wconf 73' lang='lat' dir='ltr'><strong>novissimus</strong></span> <span class='ocrx_word' id='word_1_330' title='bbox 314 3763 351 3810; x_wconf 82' lang='lat' dir='ltr'><strong>als</strong></span> <span class='ocrx_word' id='word_1_331' title='bbox 368 3762 411 3809; x_wconf 89' lang='lat' dir='ltr'><strong>ein</strong></span> <span class='ocrx_word' id='word_1_332' title='bbox 428 3760 581 3811; x_wconf 74' lang='lat' dir='ltr'><strong>neues‘und</strong></span> <span class='ocrx_word' id='word_1_333' title='bbox 598 3761 742 3812; x_wconf 81' lang='lat' dir='ltr'><strong>schleclrtes</strong></span> <span class='ocrx_word' id='word_1_334' title='bbox 759 3765 838 3814; x_wconf 87' lang='lat' dir='ltr'><strong>Wort</strong></span> <span class='ocrx_word' id='word_1_335' title='bbox 855 3767 900 3815; x_wconf 83' lang='lat' dir='ltr'><strong>nie</strong></span> <span class='ocrx_word' id='word_1_336' title='bbox 918 3763 1116 3829; x_wconf 81' lang='lat' dir='ltr'><strong>gebrauebt.·-·</strong></span> <span class='ocrx_word' id='word_1_337' title='bbox 1132 3764 1211 3814; x_wconf 74' lang='lat' dir='ltr'><strong>Ditee</strong></span> <span class='ocrx_word' id='word_1_338' title='bbox 1293 3818 1299 3831; x_wconf 55' lang='lat'>‚</span> 
     </span>
    </p>
   </div>
   <div class='ocr_carea' id='block_1_7' title="bbox 130 3829 1213 4245">
    <p class='ocr_par' dir='ltr' id='par_1_8' title="bbox 130 3829 1213 4245">
     <span class='ocr_line' id='line_1_39' title="bbox 130 3829 1213 3899; baseline 0 -16"><span class='ocrx_word' id='word_1_339' title='bbox 130 3832 167 3883; x_wconf 73' lang='lat' dir='ltr'><strong>ist</strong></span> <span class='ocrx_word' id='word_1_340' title='bbox 188 3830 329 3894; x_wconf 69' lang='lat' dir='ltr'><strong>widerlegt</strong></span> <span class='ocrx_word' id='word_1_341' title='bbox 350 3829 468 3884; x_wconf 84' lang='lat' dir='ltr'><strong>worden.</strong></span> <span class='ocrx_word' id='word_1_342' title='bbox 503 3829 596 3894; x_wconf 78' lang='lat' dir='ltr'><strong>Vcrgl.</strong></span> <span class='ocrx_word' id='word_1_343' title='bbox 617 3831 721 3882; x_wconf 86' lang='lat' dir='ltr'><strong>Ernesti</strong></span> <span class='ocrx_word' id='word_1_344' title='bbox 737 3832 765 3880; x_wconf 83' lang='lat' dir='ltr'><strong>in</strong></span> <span class='ocrx_word' id='word_1_345' title='bbox 780 3832 856 3882; x_wconf 81' lang='lat' dir='ltr'><strong>Clav.</strong></span> <span class='ocrx_word' id='word_1_346' title='bbox 888 3832 1013 3898; x_wconf 82' lang='lat' dir='ltr'><strong>[Seyferts</strong></span> <span class='ocrx_word' id='word_1_347' title='bbox 1036 3831 1213 3899; x_wconf 70' lang='lat' dir='ltr'><strong>lat-Spracbl.</strong></span> 
     </span>
     <span class='ocr_line' id='line_1_40' title="bbox 131 3895 1213 3982; baseline 0 -31"><span class='ocrx_word' id='word_1_348' title='bbox 131 3901 158 3982; x_wconf 69' lang='lat'><strong>§0</strong></span> <span class='ocrx_word' id='word_1_349' title='bbox 174 3897 253 3949; x_wconf 82' lang='lat'><strong>2664.</strong></span> <span class='ocrx_word' id='word_1_350' title='bbox 269 3897 332 3965; x_wconf 70' lang='grc' dir='ltr'><strong>ΕΒ]</strong></span> <span class='ocrx_word' id='word_1_351' title='bbox 347 3899 465 3951; x_wconf 71' lang='grc' dir='ltr'>-Οαεε,</span> <span class='ocrx_word' id='word_1_352' title='bbox 484 3898 540 3947; x_wconf 86' lang='lat' dir='ltr'><strong>und</strong></span> <span class='ocrx_word' id='word_1_353' title='bbox 557 3899 612 3949; x_wconf 85' lang='lat' dir='ltr'><strong>Liv.</strong></span> <span class='ocrx_word' id='word_1_354' title='bbox 635 3895 801 3963; x_wconf 70' lang='lat' dir='ltr'><strong>gebrauchen</strong></span> <span class='ocrx_word' id='word_1_355' title='bbox 826 3918 853 3950; x_wconf 89' lang='lat' dir='ltr'><strong>es</strong></span> <span class='ocrx_word' id='word_1_356' title='bbox 875 3902 921 3951; x_wconf 82' lang='lat' dir='ltr'><strong>ost.</strong></span> <span class='ocrx_word' id='word_1_357' title='bbox 955 3901 1011 3950; x_wconf 86' lang='lat' dir='ltr'><strong>Der</strong></span> <span class='ocrx_word' id='word_1_358' title='bbox 1037 3902 1213 3970; x_wconf 81' lang='lat' dir='ltr'><strong>Comparativ</strong></span> 
     </span>
     <span class='ocr_line' id='line_1_41' title="bbox 131 3965 1213 4031; baseline 0 -11"><span class='ocrx_word' id='word_1_359' title='bbox 131 3980 168 4021; x_wconf 80' lang='lat' dir='ltr'><strong>ret</strong></span> <span class='ocrx_word' id='word_1_360' title='bbox 182 3967 259 4017; x_wconf 83' lang='lat' dir='ltr'><strong>nicht</strong></span> <span class='ocrx_word' id='word_1_361' title='bbox 274 3965 454 4030; x_wconf 76' lang='lat' dir='ltr'><strong>gewdhnlich,</strong></span> <span class='ocrx_word' id='word_1_362' title='bbox 478 3984 523 4016; x_wconf 87' lang='lat' dir='ltr'><strong>aus</strong></span> <span class='ocrx_word' id='word_1_363' title='bbox 539 3967 676 4031; x_wconf 80' lang='lat' dir='ltr'><strong>logischen</strong></span> <span class='ocrx_word' id='word_1_364' title='bbox 696 3969 833 4018; x_wconf 81' lang='lat' dir='ltr'><strong>Griinden.</strong></span> <span class='ocrx_word' id='word_1_365' title='bbox 854 3995 889 4009; x_wconf 88' lang='lat'><strong>—-·</strong></span> <span class='ocrx_word' id='word_1_366' title='bbox 916 3970 979 4019; x_wconf 84' lang='lat' dir='ltr'><strong>Man</strong></span> <span class='ocrx_word' id='word_1_367' title='bbox 1005 3965 1103 4028; x_wconf 78' lang='lat' dir='ltr'><strong>ldnnte</strong></span> <span class='ocrx_word' id='word_1_368' title='bbox 1127 3968 1213 4021; x_wconf 71' lang='lat' dir='ltr'><strong>demit</strong></span> 
     </span>
     <span class='ocr_line' id='line_1_42' title="bbox 131 4028 1213 4100; baseline 0 -16"><span class='ocrx_word' id='word_1_369' title='bbox 131 4028 241 4087; x_wconf 57' lang='lat' dir='ltr'><strong>unsern&#39;</strong></span> <span class='ocrx_word' id='word_1_370' title='bbox 254 4034 397 4084; x_wconf 84' lang='lat' dir='ltr'><strong>deutschen</strong></span> <span class='ocrx_word' id='word_1_371' title='bbox 420 4031 559 4086; x_wconf 79' lang='lat' dir='ltr'><strong>Ausdrucl</strong></span> <span class='ocrx_word' id='word_1_372' title='bbox 582 4034 760 4100; x_wconf 71' lang='lat' dir='ltr'><strong>vergleicben&#39;:</strong></span> <span class='ocrx_word' id='word_1_373' title='bbox 788 4039 854 4088; x_wconf 87' lang='lat' dir='ltr'><strong>Wer</strong></span> <span class='ocrx_word' id='word_1_374' title='bbox 869 4037 926 4086; x_wconf 90' lang='lat' dir='ltr'><strong>sich</strong></span> <span class='ocrx_word' id='word_1_375' title='bbox 943 4055 996 4086; x_wconf 82' lang='lat' dir='ltr'><strong>von</strong></span> <span class='ocrx_word' id='word_1_376' title='bbox 1020 4038 1101 4091; x_wconf 87' lang='lat' dir='ltr'><strong>ihnen</strong></span> <span class='ocrx_word' id='word_1_377' title='bbox 1118 4039 1213 4089; x_wconf 80' lang='lat' dir='ltr'><strong>ruletzt</strong></span> 
     </span>
     <span class='ocr_line' id='line_1_43' title="bbox 132 4103 1211 4172; baseline 0.002 -16"><span class='ocrx_word' id='word_1_378' title='bbox 132 4104 216 4156; x_wconf 65' lang='lat' dir='ltr'><strong>tehen</strong></span> <span class='ocrx_word' id='word_1_379' title='bbox 238 4104 317 4169; x_wconf 74' lang='lat' dir='ltr'><strong>liest3</strong></span> <span class='ocrx_word' id='word_1_380' title='bbox 342 4121 397 4154; x_wconf 85' lang='lat' dir='ltr'><strong>wer</strong></span> <span class='ocrx_word' id='word_1_381' title='bbox 422 4105 502 4155; x_wconf 78' lang='lat' dir='ltr'><strong>ihren</strong></span> <span class='ocrx_word' id='word_1_382' title='bbox 519 4107 613 4153; x_wconf 82' lang='lat' dir='ltr'><strong>zulctzt</strong></span> <span class='ocrx_word' id='word_1_383' title='bbox 628 4122 675 4153; x_wconf 89' lang='lat' dir='ltr'><strong>vor</strong></span> <span class='ocrx_word' id='word_1_384' title='bbox 692 4105 735 4154; x_wconf 88' lang='lat' dir='ltr'><strong>die</strong></span> <span class='ocrx_word' id='word_1_385' title='bbox 752 4104 847 4172; x_wconf 78' lang='lat' dir='ltr'><strong>Augen</strong></span> <span class='ocrx_word' id='word_1_386' title='bbox 863 4103 968 4157; x_wconf 82' lang='lat' dir='ltr'><strong>kornmt</strong></span> <span class='ocrx_word' id='word_1_387' title='bbox 985 4123 1010 4156; x_wconf 83' lang='lat' dir='ltr'><strong>u.</strong></span> <span class='ocrx_word' id='word_1_388' title='bbox 1030 4124 1051 4156; x_wconf 87' lang='lat' dir='ltr'><strong>s.</strong></span> <span class='ocrx_word' id='word_1_389' title='bbox 1066 4124 1102 4160; x_wconf 77' lang='lat' dir='ltr'><strong>w·</strong></span> <span class='ocrx_word' id='word_1_390' title='bbox 1135 4107 1211 4159; x_wconf 77' lang='lat' dir='ltr'><strong>Eheu</strong></span> 
     </span>
     <span class='ocr_line' id='line_1_44' title="bbox 131 4169 1136 4245; baseline 0.005 -21"><span class='ocrx_word' id='word_1_391' title='bbox 131 4190 180 4233; x_wconf 78' lang='lat' dir='ltr'><strong>so:</strong></span> <span class='ocrx_word' id='word_1_392' title='bbox 196 4169 495 4245; x_wconf 65' lang='lat' dir='ltr'><strong>masirrte&#39;rempora‚</strong></span> <span class='ocrx_word' id='word_1_393' title='bbox 521 4172 565 4225; x_wconf 82' lang='lat' dir='ltr'><strong>die</strong></span> <span class='ocrx_word' id='word_1_394' title='bbox 581 4171 671 4240; x_wconf 77' lang='lat' dir='ltr'><strong>jiiugst</strong></span> <span class='ocrx_word' id='word_1_395' title='bbox 685 4174 802 4227; x_wconf 74' lang='lat' dir='ltr'><strong>ertebten</strong></span> <span class='ocrx_word' id='word_1_396' title='bbox 820 4175 914 4228; x_wconf 84' lang='lat' dir='ltr'><strong>Zeiten</strong></span> <span class='ocrx_word' id='word_1_397' title='bbox 931 4186 1000 4237; x_wconf 52' lang='lat' dir='ltr'><strong>uus·</strong></span> <span class='ocrx_word' id='word_1_398' title='bbox 1015 4192 1054 4232; x_wconf 63' lang='lat' dir='ltr'><strong>v.</strong></span> <span class='ocrx_word' id='word_1_399' title='bbox 1131 4218 1136 4229; x_wconf 91' lang='lat'><strong><em>.</em></strong></span> 
     </span>
    </p>
   </div>
   <div class='ocr_carea' id='block_1_8' title="bbox 0 0 1331 4554">
    <p class='ocr_par' dir='ltr' id='par_1_9' title="bbox 0 0 1331 4554">
     <span class='ocr_line' id='line_1_45' title="bbox 0 0 1331 4554; baseline 0 0"><span class='ocrx_word' id='word_1_400' title='bbox 0 0 1331 4554; x_wconf 95' lang='lat' dir='ltr'><strong> </strong></span> 
     </span>
    </p>
   </div>
  </div>
 </body>
</html>
