2618 4554
140 166 262 291 ΒΒ
290 175 438 285 ΒΒΒΒ.
463 176 608 282 aaut.
651 213 752 299 ΒΒΒ.
771 216 849 283 v1·
870 186 973 283 oar.
996 168 1059 304 7⁸
1094 219 1207 311 Β),

49 386 206 467 Cels.
228 378 309 458 Vll.
356 356 447 460 Dum
464 382 553 451 haec
575 407 595 449 a
616 368 760 449 Caesare
784 396 969 500 geruntur,
1003 386 1156 485 Treviri,

72 487 210 575 mag-uia
235 489 357 554 conctis
371 488 548 576 peditatus
574 489 806 573 equitatusque
828 485 947 573 copiis,
966 487 1205 555 Labienum
1259 542 1261 547 .

17 588 23 601 ’
73 610 156 653 cum
171 611 239 655 una
255 591 397 677 legione,
417 612 503 676 quae
523 588 560 654 in
576 610 698 652 eorum
721 587 846 652 finibus
866 585 1049 675 hiemabat,
1070 590 1177 653 ado·

72 689 139 755 riri
128 689 338 776 parabant:
360 693 497 776 iamque
519 689 559 754 ab
580 711 620 754 eo
642 710 711 754 nou
734 687 870 774 longius
895 688 1048 753 'bidui'
1017 711 1071 753 vra
1091 676 1190 753 ab..

72 802 190 869 erant,
209 811 321 877 quum
342 791 422 856 duas
444 791 577 856 venisse
599 790 755 876 legiones
774 789 880 854 missu
897 789 1048 855 Caesaris
1070 812 1194 876 cog-

67 881 230 956 'noscunt
279 891 400 956 Positis
410 890 566 956 castrus
582 890 719 955 milibus
732 889 989 976 passuumXV,
1021 884 1152 959 auxilia
1179 960 1183 969 ,

73 986 334 1077 Germanorum
345 1003 542 1078 exspectare
561 991 784 1081 constituunt.
803 989 985 1068 Labienus,
1003 990 1153 1071 hostiurn

70 1092 211 1179 cognito
225 1093 378 1173 consilio,
398 1088 550 1180 spera'ris',
569 1092 760 1173 temeritate
774 1113 895 1171 eorum
910 1092 986 1158 fore
1002 1093 1152 1179 aliquam

50 1192 257 1287 'dimicandi
273 1192 478 1274 facultatem,
498 1178 667 1280 praesidio
695 1189 887 1260 cohortium
912 1193 1066 1315 quinque
1083 1195 1152 1261 itu·

64 1268 278 1382 pedimentis
310 1294 476 1373 relicto,
493 1316 571 1358 oum
601 1291 703 1359 XXV
738 1292 933 1359 cohortibus
962 1276 1180 1410 magdoque

71 1395 225 1482 equitatu
242 1406 368 1459 contra
383 1391 516 1459 hostem
538 1390 773 1480 proficiscitur,
794 1405 827 1458 et
848 1395 896 1460 Μ
908 1418 1067 1482 passuum
1091 1398 1151 1462 in-

68 1508 125 1563 ter
127 1516 229 1561 misso
245 1488 365 1582 spatio,
387 1509 495 1561 castra
510 1493 711 1560 communit.
753 1493 837 1559 Erat
855 1494 946 1559 iuter
960 1492 1169 1565 Labienum

71 1608 187 1686 atque
163 1576 316 1661 hostem
333 1595 464 1660 difficili
489 1594 632 1662 transitu
654 1594 839 1663 fiumen
809 1595 976 1682 arpisque·
981 1621 1149 1686 praerup-
1234 1594 1237 1599 ’

69 1697 135 1765 tis·'
171 1693 236 1761 hoe
260 1719 372 1781 neque
396 1696 491 1794 ipse
495 1697 640 1761 transire
659 1693 826 1767 inanimo
841 1695 1003 1781 habebat,
1039 1722 1185 1786 neque

69 1798 184 1865 hostes
208 1797 408 1879 transituros
430 1794 655 1863 existimabat.
714 1795 913 1883 Augebatur
929 1799 1148 1880 auxiliorum
1248 1796 1251 1801 ’

70 1899 226 1986 quotidie
248 1920 336 1986 spes.
391 1897 560 1984 Loquitur
586 1888 630 1962 vin
651 1893 790 1987 consilio
813 1897 947 1984 palam,
986 1901 1149 1986 quoniam
1254 1919 1259 1930 “

56 1988 238 2066 'Germani
261 1997 534 2086 appropinquare
555 1996 729 2083 dicautur,
764 1988 838 2063 sese
858 2022 934 2064 suas
958 2001 1148 2082 exercitus-

68 2090 138 2188 que
150 2100 303 2167 fortunas
319 2101 355 2163 in
373 2100 515 2163 dubium
529 2120 597 2163 non
612 2092 865 2188 devocaturum,
894 2115 927 2166 et
940 2114 1076 2189 postero
1090 2104 1163 2169 die.
1180 2120 1188 2137 '

65 2203 183 2292 prima
201 2201 278 2266 luce
300 2213 407 2265 castra
431 2212 615 2266 moturum.
677 2200 843 2268 Celeriter
863 2201 946 2268 haec
970 2203 1010 2266 ad
1032 2202 1146 2271 hostes

67 2301 287 2383 deferuntur,
328 2309 366 2366 ut
389 2324 434 2367 ex
457 2323 580 2388 magno
606 2298 786 2366 Gallorum
810 2305 987 2390 equitatus
999 2326 1150 2371 nurnero
1255 2298 1279 2393 '‘-

67 2404 266 2469 nonnullos
285 2402 422 2469 Galhcis
436 2403 535 2468 rebus
550 2400 812 2468 saverffenatura
827 2404 972 2502 cogebat
1015 2404 1142 2471 Labie-
1198 2419 1212 2447 Β

46 2526 132 2569 ·Βιιι
149 2516 262 2586 noctu,
283 2491 429 2588 tribunis
440 2504 596 2589 militum
609 2500 802 2618 primisque
818 2493 993 2570 ordinibus
1007 2528 1059 2570 coa
1059 2507 1143 2588 tetis,

64 2592 148 2692 quid
163 2603 226 2669 sui
240 2605 285 2671 sit
306 2604 457 2683 consilii,
482 2605 659 2702 proponit
669 2604 717 2686 et,
747 2612 814 2694 quo
840 2603 972 2672 facilius
991 2605 1143 2678 hostibus

63 2704 201 2770 timoris
226 2706 282 2770 det
312 2698 563 2792 suspicionem,
599 2706 729 2771 maiore
758 2706 903 2794 strepitu
927 2720 961 2773 et
981 2712 1142 2805 tumultu,
1231 2692 1237 2705 ⁸

64 2830 169 2895 quam
184 2805 303 2895 populi
316 2805 462 2871 Romani
479 2806 547 2872 fert
563 2798 782 2886 consuetudo,
813 2820 923 2873 castra
933 2800 1067 2876 moreti
1084 2811 1142 2875 iu'-

61 2909 132 2975 bet.
153 2908 239 2975 .His
253 2907 355 2972 rebus
371 2905 471 2992 fugae
486 2908 634 2984 similem
645 2888 890 2995 profectionem
906 2907 1020 2994 efficit.
1048 2911 1140 2977 Haec
1216 2900 1235 2970 .‘

62 3031 199 3097 quoque
215 3031 280 3097 per
299 3007 634 3095 exploratoresnaute
651 3010 782 3090 lucem,
815 3009 852 3074 iu
875 3021 969 3101 tauta
991 3007 1140 3100 propiuss
1217 3024 1222 3031 '

62 3109 190 3196 quitate
205 3105 405 3187 castrorum,
433 3110 473 3174 ud
488 3110 608 3203 hostes
615 3109 824 3176 deferuntur.

103 3210 192 3277 Cur.
207 3210 304 3275 VllI.
344 3208 416 3276 Vix
429 3231 550 3302 agmen
569 3211 792 3275 novissimum
817 3224 916 3278 extra
929 3212 1137 3279 munitiones

55 3323 282 3423 processerat,
301 3331 406 3395 quum
422 3308 524 3392 Galli,
543 3311 711 3379 cohortati
723 3310 918 3403 interae,
907 3336 952 3379 ue
968 3325 1137 3401 speratam
1200 3400 1206 3407 Ι

100 3478 192 3545 ··ιιῦι
209 3476 267 3528 Vll
301 3478 330 3527 in
348 3477 508 3528 dubium-
473 3431 733 3561 -deiocaturu'nq
765 3426 838 3535 lbi.
856 3498 884 3532 er
899 3454 988 3532 werde
1006 3481 1072 3530 sein
1079 3478 1147 3540 und

56 3546 106 3601 dea
122 3548 205 3598 Heers
217 3543 359 3597 assidat
376 3546 449 3596 nicht
463 3548 518 3596 aufe
536 3547 616 3617 Spielt
634 3541 728 3599 astarti.
761 3553 914 3603 Devocare
941 3545 1051 3613 eigeull.
1067 3547 1136 3598 her

47 3614 104 3674 ab,
121 3615 328 3694 ltinsuegaufen,
354 3632 378 3664 z.
394 3615 425 3664 Β
436 3614 477 3664 ule
488 3617 565 3684 foro.
606 3617 661 3669 Cic.
679 3608 809 3677 TusuV,
827 3617 853 3667 4.
878 3620 1010 3671 Socrates
1029 3618 1136 3684 primus
1198 3626 1201 3630 “
1266 3628 1270 3639 ”

76 3683 260 3751 hilosopltiam
285 3683 431 3733 &vocavit
451 3684 485 3733 de
510 3682 597 3732 coelo.
617 3712 652 3724 ·-
674 3687 746 3737 Wcil
770 3704 798 3735 es
825 3687 855 3734 in
879 3687 926 3735 der
945 3684 1066 3736 Wzttkzir
1087 3685 1161 3733 des.

52 3702 256 3803 detestantibus
275 3751 392 3809 bernhte,
409 3766 439 3799 so
458 3751 492 3802 ist
509 3751 643 3804 devocare
668 3753 726 3803 bier
752 3755 795 3804 ein
819 3753 879 3804 sehr
902 3749 1134 3852 ausdrucltsvolles,

52 3806 265 3873 bezeicbuendcs
281 3820 363 3869 wore
408 3853 412 3857 -
529 3834 532 3839 '

58 3902 63 3907 “
124 3893 230 3939 nutura
241 3886 385 3965 τοξεύω]
424 3885 503 3936 Dicas
533 3884 628 3940 driicltt
650 3889 724 3968 Nep.
753 3886 841 3938 Alcib.
865 3887 934 3946 vlu,
964 3903 987 3938 Β.
1012 3902 1043 3937 ιο
1072 3898 1132 3939 ιιιι·

53 3970 159 4031 neque
156 3964 258 4072 taqun
266 3972 294 4072 da
310 3956 430 4071 caqqtaqq
450 3956 564 4074 Jralqrilqe
584 3956 680 4024 potuit
697 3957 889 4072 Βισξάινθ-
904 3957 1015 4074 Glb'qlte:
1055 4022 1057 4026 Ι

248 4043 263 4072 n
302 4027 394 4071 nicet
429 4038 472 4069 em
513 4040 594 4080 een,
612 4037 946 4076 traserseutmaustcr

46 4134 51 4140 .
173 4090 274 4151 Des
289 4089 458 4142 Vaterlaudes
473 4091 658 4157 rielgcliebten
675 4092 775 4142 Boden.
921 4116 938 4135 ·-
967 4100 971 4107 ’
1129 4100 1131 4105 “

123 4156 190 4226 Cap.
204 4157 276 4210 tht.
311 4156 450 4229 [quuni—
415 4159 600 4211 —dubitanu
636 4161 664 4223 8.
679 4159 787 4211 Heindt.
807 4177 840 4211 zu
854 4160 921 4211 Hor.
933 4157 1027 4219 Saul,
1044 4156 1074 4220 5,
1090 4171 1135 4209 au.

30 4177 201 4294 Zu'mptlb.
215 4227 256 4296 78,
272 4243 310 4276 12.
321 4245 354 4276 u.
370 4225 450 4275 Anrn.
464 4242 489 4278 2.
523 4228 755 4331 Faunorum]
