2618 4554
204 182 271 293 eto
410 248 417 259 ,
482 178 552 263 e.
592 142 718 277 mn
741 178 1000 249 crassum

202 350 374 419 honorem
395 346 561 425 tribuere,
582 368 685 433 quam
701 345 745 412 ab
760 370 799 413 ee
811 347 955 417 salutem
970 349 1140 441 accipere
1160 350 1287 419 videtu·

201 466 273 521 tur.
317 450 408 517 Haec
427 461 465 515 ut
486 448 693 534 intelligatis,
711 449 836 536 inquit,
857 472 878 514 a
897 474 956 519 me
974 454 1120 521 sincere
1142 476 1286 542 pronun-

202 553 307 632 ciari,
332 550 448 617 audite
467 550 641 616 Romanos
667 550 805 619 milites.
845 551 1013 620 Producit
1038 576 1196 635 servoss
1217 576 1286 643 quoe

133 644 138 655 ’
201 658 240 723 in
267 652 488 743 pabulatione
519 653 637 740 paucis
668 664 748 718 ante
774 652 893 719 diebus
923 669 1120 743 exceperat
1150 668 1188 725 et
1208 655 1307 725 feme'

156 766 159 771 '
200 756 416 841 vinculisque
440 753 709 821 excruciaverat.
752 753 816 832 Hi,
843 752 914 819 iam
938 768 1019 821 aitte
1041 757 1185 839 edocti,
1214 776 1285 847 quet

200 857 404 945 interrogati
429 855 717 945 pronunciarent,
761 854 886 921 milites
914 878 954 921 ae
985 879 1062 922 esse
1087 858 1295 949 legionarios·

99 968 106 973 “
200 962 337 1027 dicunt:
373 959 465 1023 fame
486 969 521 1023 et
535 956 653 1043 inopia
680 955 840 1023 adductos
855 960 1006 1024 clam'ex
1023 961 1155 1027 castris
1178 959 1285 1041 existe,

199 1066 229 1131 ei
252 1062 333 1149 quid
357 1056 525 1127 frumenti
548 1071 607 1123 aut
623 1057 757 1144 pecoris
782 1057 820 1123 in
842 1058 1122 1147 agris-reperire
1141 1072 1285 1149 possent:

198 1165 304 1231 simili
324 1184 464 1227 omnem
493 1160 686 1225 exercitum
706 1158 823 1246 inopia
847 1159 979 1246 premi,
1020 1182 1091 1225 uec
1115 1160 1189 1227 iam
1209 1162 1284 1227 viret

199 1265 358 1332 sufficere
388 1261 569 1347 cuiquam,
607 1282 671 1325 nec
699 1256 794 1325 ferre
829 1261 944 1347 operis
978 1262 1144 1328 laborem
1178 1282 1282 1349 posse:

197 1368 314 1455 itaque
338 1363 493 1432 statuisse
520 1362 784 1451 imperatorem,
811 1360 842 1425 si
861 1360 948 1428 nihil
969 1364 1007 1427 in
1031 1362 1282 1451 oppugnatione

198 1469 318 1561 oppidi
343 1464 559 1555 profecisset,
600 1461 716 1529 triduo
740 1464 932 1530 exercitum
958 1464 1150 1533 deducere.
1193 1466 1280 1543 Haec,

197 1572 328 1659 inquit,
356 1589 473 1645 ame,
500 1563 784 1651 Vercingetorix,
813 1562 980 1631 beneficia
1005 1562 1171 1649 habetie,
1193 1588 1280 1655 quem

196 1671 401 1764 proditionis
418 1666 631 1745 insimulatis,
653 1665 750 1730 cuius
770 1687 875 1755 opera
896 1664 973 1731 sinc
990 1678 1111 1733 vestro
1128 1668 1280 1757 sanguine

197 1788 330 1841 tantum
347 1767 539 1835 exercitum
563 1768 730 1832 victorem
754 1764 845 1833 fame
869 1788 980 1855 paene
996 1780 1224 1851 consumtum
1238 1768 1280 1837 ti·

195 1858 299 1957 detis}
329 1893 450 1959 quem,
478 1869 630 1955 turpiter
652 1890 690 1933 se
705 1890 751 1935 ex
774 1868 837 1933 hac
857 1867 938 1955 fuga
958 1868 1219 1956 recipientem,
1245 1862 1280 1937 ue

196 1998 264 2063 qua
288 1972 406 2040 civitas
429 1972 499 2037 suis
519 1968 646 2037 linibus
667 1969 823 2061 recipiat,
844 1991 865 2035 a
886 1990 944 2037 me
965 1972 1160 2059 provisum
1182 1984 1241 2039 eet.

198 2172 308 2245 aliquid
323 2173 475 2230 remittere,
499 2170 596 2223 Vellei.
613 2169 649 2229 ll,
663 2168 747 2232 88,-2·
780 2168 873 2235 vergi.
888 2166 958 2219 oben
974 2166 1010 2228 ll,
1029 2167 1074 2223 15.
1098 2172 1163 2224 und
1177 2168 1277 2229 mett.

120 2282 123 2289 .
195 2242 298 2297 56.nist
323 2240 527 2292 remittentibus
549 2239 716 2291 tribuniano
733 2239 787 2289 viel
804 2241 842 2289 ele
862 2238 1094 2304 permittentibus,
1121 2239 1278 2293 concedenti·

196 2312 255 2363 lius.
273 2310 328 2359 Cic.
347 2308 381 2359 nd
400 2310 458 2358 Div.
478 2308 512 2367 V,
533 2322 572 2365 10,
590 2307 615 2356 4.
640 2310 752 2359 remitto
770 2306 824 2359 titt
845 2316 875 2357 et
897 2307 1035 2357 condono·
1071 2311 1187 2376 Deesgl.
1204 2309 1278 2361 liutit-

196 2381 218 2440 1,
236 2396 261 2447 9,
281 2394 337 2435 ιι,
360 2394 402 2428 wo
420 2379 441 2427 Ι.
459 2378 503 2427 Fr.
523 2376 632 2426 Gronov
649 2376 705 2425 unil
726 2374 807 2426 audre
822 2373 950 2440 Auelegg.
967 2375 1035 2424 iiber
1051 2382 1223 2446 permittere
1235 2374 1277 2427 uetl

196 2451 337 2501 remittere
364 2448 405 2513 (ca
425 2447 488 2503 lere,
508 2461 573 2508 quac
592 2443 710 2495 molesta
727 2455 802 2503 sunt,
827 2445 934 2495 remitti
951 2443 1088 2496 dicuutur.
1105 2446 1210 2515 Vorpt.)
1233 2446 1276 2497 ilus

193 2513 576 2579 Antichtenausgesprochen.
609 2513 756 2578 Uebrigene
781 2512 826 2563 bei
843 2512 937 2563 lustin.
956 2510 1046 2579 lrtufig
1072 2513 1277 2577 remitterent

194 2586 258 2645 dem
274 2583 422 2634 Accusativ.
439 2582 554 2632 Obiecti.
588 2580 664 2633 Auclr
682 2583 821 2632 remittere
839 2580 873 2630 de
890 2598 927 2641 re,
944 2597 969 2632 ι.
989 2580 1018 2632 Β.
1037 2581 1075 2633 de
1093 2601 1204 2637 summo

191 2654 279 2723 plicia
305 2651 413 2721 aliquid
436 2652 587 2702 remittere.
609 2651 665 2702 Cic.
690 2649 764 2700 Verr.
783 2649 816 2706 V,
840 2647 883 2701 65.
924 2648 1016 2701 Allein
1040 2650 1089 2701 die
1114 2668 1177 2707 rou
1198 2652 1240 2703 cn

193 2736 279 2775 sereret
300 2720 418 2787 gegebne
445 2719 499 2769 und
523 2722 574 2768 ron
600 2719 721 2769 Lemaire
748 2717 920 2769 wiederholte
941 2714 1109 2785 Erllemng:
1150 2722 1276 2773 remittere

193 2808 230 2843 ec.
248 2791 400 2857 imperium,
419 2788 492 2852 quod
509 2788 537 2837 in
555 2804 617 2839 eum
634 2789 804 2847 contulerant,
815 2786 858 2836 -ist
870 2787 934 2837 dem
946 2786 1213 2853 Spreehgebrauclre,
1223 2788 1276 2841 cn·-

192 2878 248 2911 sare
273 2873 488 2924 angemeeeeuer,
512 2856 606 2908 indem
622 2852 776 2914 remit'tere,
802 2872 858 2907 wer
874 2856 996 2906 Lemaire
1017 2874 1052 2905 ιιι
1072 2857 1214 2909 beweieeu
1228 2872 1277 2907 rer·

192 2945 286 2995 gessen
303 2928 361 2984 liat,
385 2942 450 2991 ganz
469 2925 498 2975 iu
517 2924 657 2975 darselben
674 2924 796 2984 Bedeut,
817 2926 870 2975 wic
889 2922 954 2983 hier,
969 2921 1142 2978 ¹rorlrommt
1157 2927 1189 2977 B·
1205 2922 1275 2982 Gli,

194 2998 237 3052 δι.
264 3009 328 3047 extr.
350 2996 429 3044 cuius
452 2995 500 3062 (eo.
517 2994 590 3059 quod
614 3009 657 3042 me
676 2993 841 3058 imperatorie
864 2993 974 3042 nomine
995 2992 1167 3063 appellastis)
1191 2996 1218 3047 ti
1235 3008 1276 3045 ret

190 3067 336 3137 poenitet,
359 3072 489 3114 vestrum
512 3062 590 3114 vobis
608 3060 771 3129 beneficium
789 3062 918 3119 remitto,-
948 3060 1017 3112 mitt
1033 3080 1129 3115 meum
1146 3062 1275 3117 restitute

195 3150 310 3193 nomen,
334 3148 370 3181 rie
394 3130 433 3181 ad
451 3130 647 3182 contumeliam
664 3129 795 3181 honorem
814 3130 923 3181 dedisse
939 3130 1103 3182 rideamini.
1139 3130 1221 3183 Ano:
1241 3125 1274 3177 iu

193 3216 258 3255 treta
273 3199 419 3253 Jemandeu
439 3210 518 3250 etwas
540 3201 587 3264 ιὼς
622 3198 666 3248 ich
684 3199 818 3249 iiberlaeee
833 3215 861 3248 ee
879 3198 935 3249 ilem
953 3198 1073 3257 wieder,
1105 3201 1150 3251 ele
1169 3200 1215 3251 eiu
1228 3196 1274 3249 Gt-

86 3322 90 3329 ,
127 3312 132 3321 .
192 3265 393 3339 gengeechenl3
412 3266 456 3317 iet
474 3267 579 3318 erlasse
595 3267 709 3318 Jemand
725 3266 784 3316 eine
803 3266 899 3319 Ptlicht
914 3264 979 3316 oder
997 3262 1207 3332 Obliegenlreit.

261 3338 394 3457 erirseNsi
410 3339 461 3405 qui
514 3334 739 3455 4Vergl.oheu1,
763 3332 790 3388 8.
809 3334 866 3387 und
889 3335 934 3386 die
955 3334 1044 3402 Beiep.
1069 3336 1117 3387 bei
1137 3326 1274 3389 murteo

231 3424 242 3461 1
263 3414 288 3459 4·
307 3423 332 3458 2·
375 3418 411 3455 Ol·
431 3421 453 3455 l·
494 3439 501 3457 e
567 3439 575 3453 ο
1119 3416 1123 3421 ¹

190 3408 217 3477 §-
247 3425 278 3528 ⁷a
296 3494 337 3527 me
357 3503 392 3514 —
407 3421 667 3542 habetiefliebere
680 3472 741 3522 sehr
754 3471 793 3523 oli
804 3472 833 3523 in
850 3472 898 3525 der
912 3467 1165 3525 nachdrirclrliclren
1179 3470 1273 3525 tedet

189 3564 242 3598 ron
259 3543 411 3613 possidere,
440 3552 587 3611 acceptum
603 3541 721 3598 tradere,
738 3541 873 3593 beneficiis
890 3558 912 3591 s.
931 3541 1085 3593 commodis
1102 3536 1146 3595 uti
1165 3540 1273 3609 acceptio

191 3616 247 3669 Ci'c.
266 3614 300 3665 ad
318 3613 378 3663 Div.
397 3610 456 3668 Vll,
475 3626 517 3678 29,
534 3627 559 3661 a.
577 3625 626 3660 nos
644 3608 826 3674 quadrimus,
851 3608 924 3677 quod
942 3609 1115 3671 habeamus,
1143 3610 1217 3677 quod
1231 3608 1274 3659 lto·

190 3686 277 3736 mines
294 3682 484 3741 existimemur,
503 3680 534 3730 id
551 3696 629 3731 omne
647 3678 698 3729 abs
716 3689 745 3730 te
762 3678 875 3732 habere.
898 3677 1066 3742 Verngae.
1085 3678 1178 3731 Corte.
1195 3678 1273 3731 tuate

190 3754 265 3811 xm,
283 3751 309 3809 4,
326 3765 368 3830 uo.
387 3759 482 3827 terrers
499 3749 567 3797 iuter
584 3763 674 3797 amnes
692 3746 833 3829 Hyduepeu
850 3760 876 3798 et
891 3746 991 3829 Indum
1007 3747 1116 3798 Taxilen
1135 3746 1261 3801 hebetet.

191 3810 1276 3951 ,01ttt'ttttttt'll,,lllttlsslptttsst,tietl’tetltt

187 3958 303 4008 sondrae
320 3956 435 4019 Elegaue
453 3952 511 4005 und
528 3954 608 4004 dltrer
626 3953 694 4003 noch
712 3954 756 4003 bei
779 3954 923 4015 Dichtern,
941 3954 980 4002 ale
999 3953 1027 4003 in
1044 3954 1162 4009 Prosae
1177 3972 1209 4005 ιο
1224 3950 1273 4001 dett

188 4042 271 4091 roger
286 4023 418 4074 Adrerbia
436 4040 483 4073 ιιιι·
500 4020 600 4073 nibem
616 4020 800 4088 Bestimmung
819 4024 891 4074 einer
909 4020 1019 4073 soleheu
1030 4019 1201 4073 traditatis·
1211 4016 1273 4073 nidd

190 4091 359 4145 mercemur
377 4091 494 4143 werden.
528 4090 615 4155 vergi.
628 4090 776 4142 liamslroru
792 4088 819 4158 d
835 4092 896 4143 203.
907 4092 936 4143 S·
953 4082 1013 4141 665.
1031 4090 1139 4157 Zumpt
1154 4090 1183 4158 §.
1197 4088 1239 4151 de,
1254 4100 1272 4137 ι.

256 4160 319 4213 ruis
329 4157 439 4227 finibus
453 4158 594 4227 recipiatl'
620 4158 798 4211 Gerrtihnliclr
814 4161 939 4229 recipere
955 4160 984 4209 in
998 4160 1100 4219 berun,
1116 4158 1274 4231 ἱιιιᾳψ
