2618 4554
15 204 19 210 '
116 218 160 287 48
216 278 221 287 .
287 218 295 257 ¹
425 184 897 277 crunclrsnnrs

116 388 207 478 quod
221 404 340 451 eorum
355 380 503 449 adventu
517 379 672 468 potentia
687 381 760 448 eius
777 381 966 463 deminuta,
993 396 1029 451 et
1044 362 1198 457 Divitia-

37 484 40 491 ’
115 514 175 557 cus
195 487 302 555 frater
323 484 362 549 in
381 484 561 568 antiquum
580 482 696 549 locum
721 483 850 571 gratiae
868 493 970 572 atquc
989 486 1133 557 honoris
1153 492 1199 561 sit

114 593 296 658 restitutus.
340 586 377 653 Si
393 586 474 673 quid
490 585 618 651 accidat
632 584 815 667 Romanis,
852 608 1023 655 summam
1045 589 1085 655 in
1099 614 1218 681 spem-

88 692 214 780 .regni
235 687 410 757 obtinendi
434 708 499 771 per
521 684 696 752 Helvetios
716 687 856 772 venire3
898 690 1050 787 imperio
1072 695 1200 785 populi

113 791 260 860 Romani
273 789 345 857 non
359 789 461 855 modo
478 788 520 853 de
534 810 653 876 regno,
680 790 739 854 sed
756 787 858 856 etiam
874 791 917 856 de
931 812 989 874 ea,
1014 806 1117 880 quam
1131 796 1200 867 Ῑιιι-Ι

38 891 42 914 ⁵
111 897 206 976 beat,
226 895 336 983 gratia
359 892 549 980 desperare.
595 880 800 977 Reperiebat
819 890 922 958 etiam
936 892 979 959 in
998 898 1198 982 quaerendo

24 1060 29 1074 ,
112 999 249 1076 (laesar,
278 995 370 1082 quod
393 991 568 1081 proelium
589 1005 746 1077 equestre
771 991 951 1058 adversum
972 998 1092 1082 paucis
1117 1011 1198 1065 ante

112 1098 230 1163 diebus
246 1108 332 1161 esset
347 1095 492 1175 factum,
527 1092 668 1157 initium
688 1093 761 1159 eius
785 1093 886 1181 fugae
899 1094 1028 1176 fectum
1044 1118 1065 1161 a
1078 1098 1197 1167 Dum-

109 1200 232 1285 norige
245 1210 344 1283 atque
360 1197 433 1261 eius
449 1194 619 1281 equitibus
634 1196 730 1276 (nam
745 1196 921 1282 equitatui,
940 1220 1044 1285 quem
1058 1199 1195 1267 anxilio
1212 1244 1227 1266 ,

112 1298 250 1386 Caesari
270 1297 383 1364 Aedui
403 1297 586 1375 miserant,
621 1297 821 1363 Dumnorix
840 1301 1033 1386 praeerat),
1069 1324 1195 1373 eorum

110 1403 192 1490 fuga
206 1400 380 1483 reliquum
398 1422 470 1465 esse
486 1398 674 1481 equitatum
692 1398 928 1487 perterritum.
1064 1398 1073 1414 ‘

152 1505 238 1571 Clu.
258 1502 355 1569 XIX.
398 1500 534 1588 Quibus
547 1501 658 1576 rebus:
676 1500 829 1587 cognitis,
849 1520 955 1585 quum
973 1503 1017 1568 ad
1035 1490 1099 1571 has
1114 1530 1195 1574 sus-

109 1606 262 1696 piciones
290 1601 496 1668 certissimae
532 1604 589 1668 'res
626 1600 841 1684 accederent,
888 1604 981 1689 quod
1007 1628 1073 1694 per
1105 1608 1194 1679 fines

111 1709 347 1793 Sequanorum
373 1703 547 1772 Helvetios
583 1703 807 1785 traduxisset,
852 1704 945 1789 quod
971 1706 1110 1775 obsidet
1134 1712 1193 1778 in-

109 1823 163 1877 ter
192 1832 250 1873 eos
278 1808 403 1873 dandos
434 1819 602 1890 curasset,
653 1804 745 1889 qnod
776 1826 816 1870 ca
844 1806 963 1884 omnia,
985 1827 1058 1877 non·
1085 1814 1211 1900 modo,

110 2007 249 2063 praetexta,
264 1994 309 2044 bei
336 1993 392 2045 Cic.
409 1992 443 2044 nd
461 1994 523 2044 Die.
544 1992 566 2054 l,
583 1990 609 2050 4,
627 1990 653 2040 4.
681 1990 781 2059 populi
801 1995 881 2043 Rom.
904 1995 1029 2054 nemore,
1045 2008 1196 2051 re‘antem·

109 2082 178 2117 vera
195 2062 408 2114 sceleraticsrino
426 2062 585 2113 latrocinio.
602 2061 665 2110 Das.
685 2060 772 2110 Corte.
803 2060 894 2111 Daher
910 2062 1044 2125 rutheno
1063 2068 1193 2119 nomme.-

108 2150 154 2183 uus
171 2132 356 2200 persdnliclren
374 2132 512 2181 Griinden.
556 2129 635 2179 Siehe
659 2128 725 2179 Sall.
751 2128 808 2179 Cat.
829 2130 873 2193 55,
896 2130 923 2182 5.
943 2148 990 2183 ,wo
1014 2132 1100 2184 durch
1121 2138 1193 2189 mie

108 2202 264 2253 nonu'm'huc
280 2200 446 2267 persdnliche
461 2194 725 2253 Verbindlichleiten
739 2199 940 2263 gemeintsind.
990 2242 993 2247 .
1082 2217 1086 2223 ·
1189 2220 1192 2227 ·

127 2302 204 2419 lciclri
214 2298 430 2419 driggrdccd‘dllld
448 2295 801 2433 riiiileetlililihlilezidg’nliirstd.
816 2315 890 2419 lamii·
899 2298 1189 2435 εἰώΒεῗΠξξᾱΙὶΙἫ
1221 2340 1227 2347 ¹

109 2386 172 2487 dab.
189 2436 311 2497 Ruduk„
325 2455 369 2488 wo
387 2454 414 2486 es
433 2434 497 2487 vom'
515 2436 591 2487 Tode
609 2448 699 2503 gesagt
713 2435 798 2499 wird3
821 2436 946 2501 rergl.ll,
963 2419 1006 2507 93.
1040 2409 1110 2507 N‘l'·
1126 2442 1190 2493 Dnt.
1208 2424 1214 2434 ⁵

108 2506 142 2567 V,
159 2506 186 2558 3.
204 2508 230 2557 oi
266 2506 315 2557 uid
332 2506 446 2559 adversi
462 2506 620 2557 accidisset.
634 2504 689 2555 Cic.
708 2505 743 2555 td
759 2504 820 2569 Dic.
831 2504 919 2567 X,'23,
938 2522 963 2559 1.
985 2508 1014 2557 ei
1027 2510 1098 2577 quid
1110 2512 1189 2561 acci-

110 2576 185 2625 derit
201 2578 239 2627 mi
246 2576 274 2625 ti.
316 2574 368 2625 Die
391 2574 560 2639 lllilderung,
588 2574 640 2623 mit
657 2574 706 2624 der
720 2591 784 2622 rnen
805 2574 857 2623 den
878 2574 998 2626 Grausen
1022 2578 1187 2643 crregcnden

108 2640 255 2693 Gednnlccn
273 2662 306 2693 an
324 2643 377 2694 den
394 2644 455 2693 Tod
471 2662 505 2692 zu
523 2642 708 2693 urnschreihcn
729 2640 828 2706 ouchte,
853 2643 888 2692 ist
901 2644 948 2694 hei
964 2644 1017 2695 den
1025 2642 1107 2697 Alten
1122 2665 1187 2698 vor-

108 2710 278 2763 lrcrrsclrend.
309 2711 354 2762 An
377 2730 470 2761 unsrcr
491 2711 573 2761 Stellc
601 2712 634 2761 ist
655 2729 683 2761 es
708 2709 892 2777 Spraehodcs
908 2712 1009 2763 Fcinen
1027 2714 1187 2782 auditoni-

108 2780 183 2831 clrcn.
221 2781 257 2831 So
281 2780 381 2847 spricht
411 2781 455 2831 hei
479 2778 601 2831 Plutarch
624 2781 669 2833 vit.
694 2780 774 2830 Phoc.
795 2798 819 2829 c.
839 2796 883 2848 ιγ.
915 2779 1067 2833 Alexander
1088 2783 1115 2833 d.
1136 2784 1186 2837 Gr.

107 2850 133 2915 el
155 2866 182 2897 τι
203 2852 305 2916 γένοιτο
329 2848 389 2918 περὶ
411 2846 500 2899 αὐτόν.
541 2850 669 2900 Dasselbe
691 2849 841 2899 bedentete:
871 2850 945 2901 εἴτι
967 2846 1065 2901 πάθοι.
1107 2850 1186 2903 Auch

105 2920 257 2985 συμβαίνειν
274 2916 343 2969 wird
361 2920 399 2967 als
415 2918 506 2969 vocab.
523 2918 596 2969 med.
614 2918 661 2967 auf
674 2917 796 2967 iihnliche
812 2918 902 2969 Weise
926 2916 1079 2985 gebraucht.

132 3020 143 3053 ¹
175 3018 205 3067 in
223 3014 394 3087 quaerendo]
431 3016 510 3066 Siehe
528 3016 653 3068 Oudend.
679 3018 713 3067 ud
733 3017 794 3069 h.l.
817 3034 861 3068 wo
882 3016 973 3067 melue
989 3016 1186 3071 verberemu-

105 3104 157 3155 gen
174 3086 377 3149 vorgesclrlngon
394 3086 509 3147 werden,
526 3102 572 3135 um
591 3084 676 3135 dieses
698 3084 883 3135 Anacoluthon
911 3104 944 3135 zu
969 3085 1069 3136 heilen.
1102 3088 1185 3139 Diese

105 3156 211 3206 medela
229 3154 265 3203 ist
281 3156 445 3220 iiberssiissig,
463 3155 535 3205 denn
551 3154 670 3204 offenber
685 3154 718 3205 ist
732 3155 864 3205 zwischen
877 3154 1001 3207 verder*
1018 3156 1076 3205 und
1093 3156 1185 3207 Nech-

107 3238 176 3275 sntzc
194 3223 253 3272 cine
270 3223 381 3288 Ellipse.
419 3225 500 3342 ‘im
517 3223 678 3293 —sactum
700 3222 800 3273 enthilt
825 3224 878 3273 den
901 3222 1020 3295 Erfolg,
1051 3224 1101 3273 das
1126 3225 1184 3275 Ge-

105 3294 234 3351 sclrclrnc‚
265 3292 380 3343 welches
404 3296 430 3341 ol
462 3292 544 3341 durch
570 3293 645 3361 quod
660 3293 812 3357 ongegcben
834 3292 917 3354 wird,
946 3292 994 3341 der
1013 3292 1115 3344 Gmnd
1135 3292 1184 3343 des

105 3364 228 3414 Fnctums
247 3362 312 3421 lieet
328 3361 356 3410 in
376 3360 440 3409 dem
458 3360 550 3410 ‹laraul
570 3361 714 3426 folgenden
741 3359 804 3411 Acc.
830 3378 854 3411 c.
879 3360 932 3412 lnl‘.
966 3360 1027 3409 wir
1050 3366 1183 3426 ergdnzen

104 3434 133 3481 in
151 3431 260 3481 colclren
277 3430 382 3481 Fiillen:
399 3446 430 3489 so
445 3434 524 3495 mdge
541 3446 604 3479 mun
619 3431 725 3489 nissen,
741 3430 809 3479 hubc
827 3429 888 3478 cich-
901 3428 1024 3493 ergeben.
1056 3429 1183 3497 Folglich

104 3497 202 3549 ldinnto
219 3498 379 3567 reperiebat
393 3526 429 3537 -
447 3501 525 3548 Caes.
543 3516 609 3563 ganz
625 3498 724 3556 fehlen,
748 3498 804 3548 und
818 3498 954 3547 dennoch·
967 3502 1038 3548 wire
1056 3498 1106 3549 der
1122 3498 1182 3549 Ge-

104 3566 404 3619 danlrc-ciuleuclncud.
437 3564 489 3634 [Cl.
506 3568 583 3617 Beier
607 3568 641 3617 cd
665 3566 828 3627 cic.0ff.1‚
848 3582 887 3618 12.
905 3584 946 3633 pr.
962 3566 1144 3635 enormen]

172 3640 232 3689 cclcc
237 3635 345 3707 fugae]
382 3636 417 3686 D.
438 3637 455 3687 i.
472 3636 519 3685 der
536 3638 563 3684 in
578 3637 717 3685 dercelb'en
735 3636 860 3686 Schlacht
883 3634 1056 3690 entstrndncn
1071 3636 1181 3703 Flucht3

105 3708 165 3757 eius
182 3724 219 3758 sc.
232 3705 348 3775 proelii,
370 3707 422 3755 wie
440 3705 509 3753 oben
527 3722 549 3753 c.
569 3720 608 3755 rr.
627 3707 687 3755 eius
704 3707 806 3761 soceri,
836 3706 880 3755 wo
899 3706 958 3754 eius
976 3704 1024 3753 nus
1035 3702 1110 3756 Caes.
1128 3706 1181 3755 he-

103 3792 187 3838 nogcu
204 3774 312 3827 wcnlen
328 3792 411 3824 nnus.
440 3773 529 3822 Uebcr
543 3773 616 3823 elicse
632 3773 775 3841 doppelten
792 3774 913 3823 Genitive
928 3771 1001 3823 siche
1017 3784 1075 3823 unt.
1094 3790 1118 3825 c.
1133 3774 1179 3827 5⁰.

35 3876 42 3896 ι
105 3870 140 3881 -
156 3845 211 3893 l'lcc
235 3845 302 3895 Sinn
327 3861 420 3894 uusrcr
442 3842 523 3891 Stellc
550 3843 583 3890 ist
606 3844 674 3891 also:
709 3843 755 3891 Bel
780 3843 900 3892 welterer
922 3839 1070 3905 Nnclrlruge
1089 3842 1180 3893 ersulrr

104 3912 170 3962 atich
181 3912 283 3974 Caesar,
303 3912 370 3971 doss,
388 3928 442 3962 uus
460 3910 507 3960 das
522 3910 698 3975 nncluheilige
714 3909 905 3975 Reitergelcclrt
929 3910 1049 3973 intinge,
1067 3908 1116 3959 dus
1131 3926 1180 3961 vor

103 3983 225 4046 wenigcn
239 3984 329 4047 'l'ugen
344 3982 464 4041 geliel'crt
480 3980 589 4029 worden
613 3996 666 4045 εις,
682 4007 719 4019 ·—
734 3980 884 4029 Dumnorix
905 3976 962 4027 und
979 3976 1074 4027 (lescen
1091 3978 1180 4029 liciter
1200 3981 1203 3990 '

101 4061 186 4098 'tut'rfil
203 4051 230 4099 in
250 4051 402 4099 dernscllicn
425 4067 458 4097 nu
473 4048 568 4097 llielicu
593 4049 732 4113 liegonnen
754 4048 851 4099 litum.
868 4074 905 4085 —-
924 4048 1036 4095 worm
1058 4046 1118 4097 sich
1132 4064 1180 4097 er-

101 4118 181 4178 gicln,
201 4118 259 4167 dccc
277 4117 350 4181 jones
367 4116 526 4186 riqrerieluaet
546 4122 625 4167 t'nec.
648 4117 756 4181 cigentl.
782 4134 832 4165 run·
855 4116 899 4165 ein
915 4114 1101 4165 Einschiehsel
1123 4131 1178 4182 sey,

100 4186 225 4238 woslurclr
243 4186 287 4237 die
304 4196 376 4239 orat.
396 4185 571 4256 obliquoron
589 4186 677 4235 ciuem
700 4202 785 4235 neuen
806 4184 896 4237 Verbo
919 4182 1052 4250 ebhingig
1075 4184 1179 4237 wnrde.
