2618 4554
307 150 322 177 Ι

86 258 89 263 ,
175 185 240 253 454
421 182 510 269 j‘c.
553 178 958 293 mecinensis,
1128 240 1135 269 ,

176 353 427 431 interficiamus.
470 358 627 424 Ostendit
646 359 736 425 cives
757 358 947 439 Romanos,
981 360 1046 448 qui
1069 359 1143 427 eius
1159 383 1260 451 prae.

177 454 255 521 sidii
280 457 499 523 fiducia·una
524 473 632 524 etant.
685 458 855 525 Continuo
881 482 1050 549 magnum
1065 464 1252 528 numerum

77 578 82 585 ·
176 556 345 624 frumenti
361 574 630 647 commeatusque
651 560 779 647 diripit,
809 561 902 650 ipsos
924 562 1116 629 crudeliter
1134 586 1251 629 excru-

118 718 121 733 ,
148 652 156 673 ‘
178 658 281 723 citatos
300 656 480 727 interficit:
502 663 642 734 nuncios
663 675 733 728 tota
754 663 889 729 civitate
911 642 1124 730 Aeduorum
1147 664 1253 729 dimit-

146 778 151 828 '.
178 758 237 839 tit,
274 761 391 827 eodem
423 764 668 835 mendacioede
693 763 795 828 caede
820 765 975 849 equitum
1005 778 1042 831 et
1064 765 1253 853 principum

1297 198 1301 243 ι

1297 246 1303 305 i

177 876 374 947 permovet:
402 863 575 939 hortatur,
599 877 640 932 ut
658 865 761 931 simili
782 865 933 949 ratione,
951 880 1057 957 atque
1075 868 1153 955 ipse
1173 865 1254 931 feee-
1298 920 1301 929 .

178 961 236 1042 rit,
257 987 334 1029 suas
357 967 498 1032 iniurias
520 980 779 1056 persequantur.
1183 1014 1187 1019 -

107 1088 111 1093 ·
194 1064 309 1133 ·Ctr.
331 1058 495 1135 XXXIX.
539 1070 750 1158 Eporedisix
771 1068 922 1148 Aeduus,
936 1090 1087 1135 summo
1107 1071 1255 1137 locont-
1296 1078 1299 1119 :

179 1176 234 1229 tns
254 1166 457 1247 adolescens,
485 1182 520 1236 et
538 1193 692 1237 summae
713 1171 806 1235 domi
827 1170 1010 1271 potentipe,
1024 1184 1072 1263 'et
1093 1156 1164 1236 una
1183 1170 1255 1239 Vir·
1288 1200 1301 1237 ·.

181 1264 353 1346 dumarus',
368 1272 451 1361 'pari
469 1284 575 1337 aetate
591 1284 624 1338 et
638 1271 759 1359 gratia,
779 1271 851 1357 sed·
857 1293 984 1359 genere
1005 1270 1152 1360 dispari,
1166 1293 1255 1359 quem

180 1364 315 1445 Caesar,
337 1371 401 1436 sibi
423 1373 471 1451 ab¹
486 1373 654 1440 Divitiaco
676 1373 890 1452 transditum,
913 1394 959 1437 ex
981 1370 1111 1439 humili
1129 1374 1206 1438 loco
1221 1372 1255 1437 ad

181 1490 348 1536 summam
380 1462 582 1559 dignitatem
606 1474 833 1563 perduxerat,
864 1473 903 1538 in
931 1472 1091 1561 equitum
1121 1498 1254 1539 numero

181 1586 428 1653 convenerant,
457 1576 661 1643 nominatim
686 1576 728 1641 ab
753 1598 795 1639 eo
816 1576 954 1641 evocati.
1000 1576 1064 1641 His
1086 1570 1256 1641 eratinur
1298 1612 1300 1663 Ι

74 1674 77 1683 ’
182 1690 219 1734 se
240 1668 281 1735 de
301 1674 495 1762 principatu
515 1678 753 1765 contentio,‚et
772 1678 810 1741 in
826 1675 885 1741 illa
900 1676 1166 1764 magistratuum
1184 1675 1256 1743 eori-
1295 1672 1300 1779 l

181 1773 346 1839 troversia
367 1775 452 1841 alter
471 1800 536 1865 pro
557 1778 846 1854 Convictolitsne,
872 1780 963 1867 alter
980 1800 1046 1865 pro
1068 1778 1158 1847 Coto
1173 1800 1256 1844 surn-
1294 1802 1300 1825 ··

181 1872 249 1939 tnis
273 1875 394 1962 opibus
421 1881 668 1966 pugnaverant.
710 1878 768 1945 Ex
794 1877 838 1945 iis
863 1878 1101 1967 Eporedirix,
1135 1878 1255 1967 cognito

181 1966 327 2055 Litaviei
354 1980 514 2059 oonsilio,
554 1982 668 2047 media
689 1979 763 2046 fere
791 1990 892 2047 nocte
918 2002 995 2045 rem
1014 1976 1067 2044 'sd
1088 1981 1256 2046 Caesarem
1279 2042 1299 2083 ,ζ

184 2074 313 2161 deferte
333 2092 418 2162 orat,
435 2104 480 2145 ne
493 2082 653 2170 patiatur,
669 2083 845 2163 civitatem
861 2080 978 2171 pravis
995 2080 1256 2175 adolescentium
1297 2132 1299 2197 i

184 2244 219 2295 iet
239 2258 399 2308 constanter,
432 2247 466 2298 acl
484 2250 564 2299 finem
580 2268 663 2317 nsque
679 2251 765 2317 sequi.
791 2250 884 2317 ‘Vergb
903 2245 1009 2301 Rubnlt.
1030 2267 1066 2300 zu
1082 2251 1190 2301 Terent.
1203 2249 1256 2301 Heu

184 2314 232 2371 tlt,
251 2314 275 2369 5,
295 2315 320 2365 4.
337 2317 382 2379 tv,
400 2318 425 2374 5,
445 2332 484 2367 10.
501 2320 579 2369 Ru'til.
595 2323 662 2387 Lup.
682 2324 716 2371 ll.
734 2338 761 2386 p.
777 2321 818 2386 78.

245 2381 366 2452 fiducia]
399 2386 528 2453 Beispiele
545 2389 589 2437 bei
608 2391 701 2440 Cicero
714 2408 741 2439 u.
758 2390 858 2438 Terens
875 2386 961 2453 geben
983 2402 1019 2436 sn
1034 2386 1189 2449 rersteben‚
1205 2384 1255 2437 tu

177 2446 290 2514 fiducia
308 2455 334 2502 in
353 2467 458 2519 gutem,
494 2456 680 2521 confidentia,
704 2460 741 2507 als
759 2454 945 2522 Dreistiglreit,
970 2455 1012 2523 irn
1029 2455 1194 2507 schlimmen
1209 2452 1255 2505 und

186 2518 329 2570 tadelnden
353 2524 436 2573 sinae
464 2542 497 2575 zu
519 2524 634 2577 uebmen
657 2525 714 2575 und
733 2542 766 2576 tu
783 2523 947 2589 gebrauehen
964 2540 1019 2591 sey.
1054 2524 1165 2575 Terent.
1183 2523 1256 2575 Andr.

184 2584 216 2646 V,
233 2587 258 2648 5,
280 2588 304 2638 5.
327 2609 343 2640 o
360 2594 504 2662 ingentem
519 2594 734 2659 confidentiam!
768 2594 841 2643 Eum
852 2594 885 2653 V,
904 2609 927 2654 1,
946 2608 988 2643 22.
1015 2611 1047 2643 os
1066 2594 1211 2661 impudens
1223 2592 1257 2640 ri-
1295 2588 1298 2611 ¹

188 2654 272 2705 detur.
292 2658 352 2708 Non
371 2658 426 2710 estl
451 2663 522 2711 Tum
541 2680 607 2728 quae
625 2665 681 2714 eius
699 2660 872 2728 confidentia
889 2676 935 2713 est.
965 2660 1030 2711 Uud
1047 2660 1108 2712 Cic.
1126 2680 1167 2728 pr.
1181 2663 1256 2712 Fl'aee.
1294 2674 1298 2687 ¹

190 2738 229 2773 10.
246 2725 403 2807 viduaque
422 2729 516 2791 vultu,
544 2749 601 2801 qua
624 2730 797 2797 confidentia
819 2729 915 2781 dicant.
948 2728 1070 2796 Philipp.
1087 2731 1123 2785 Il,
1139 2728 1182 2779 4ο.
1198 2726 1256 2781 wirtl

188 2793 360 2858 confidentia
384 2799 434 2848 mit
457 2804 602 2851 temeritas
626 2800 788 2850 verbunden.
820 2799 910 2864 Vergl.
924 2798 993 2848 Pli'n.
1011 2799 1084 2865 Epp.
1103 2799 1159 2857 ΙΙΙ,
1176 2814 1206 2866 9,
1221 2797 1256 2847 32.
1288 2784 1295 2813 '⁸

187 2861 288 2912 malum
300 2881 472 2937 pravumque
489 2870 632 2939 ingenium
648 2868 764 2919 bominis
781 2868 858 2930 facit,
884 2879 913 2916 ut
930 2866 1067 2925 dubitem,
1093 2864 1257 2933 confidenter
1293 2858 1298 2881 ¹

187 2947 221 2978 sn
242 2945 396 2994 constanter,
413 2948 480 2984 certe
498 2938 671 3002 paratissime.
702 2938 799 2987 Wobei
813 2938 915 2988 Gesner
928 2930 1080 2985 benterltte:
1095 2935 1169 2985 tttud
1187 2936 1256 2992 enlin·

188 2997 381 3068 (confidenter)
403 3005 482 3053 etiarn
502 3006 529 3054 in
553 3008 671 3056 scelerati
693 3005 810 3055 bominis
833 3004 1030 3071 improbitatem
1054 3005 1193 3062 convenit,
1215 3004 1257 3052 1¹⁰⁰

188 3067 358 3136 (constanter)
373 3074 453 3121 solius
467 3075 591 3139 sapientis
609 3087 655 3125 est.
673 3101 709 3113 -
725 3076 792 3124 Dsss
809 3075 872 3124 aber
889 3070 955 3122 auelt
969 3070 1093 3137 fiducia,
1118 3072 1146 3123 d.
1164 3075 1182 3123 i.
1198 3074 1257 3121 iren·

190 3136 264 3201 dige,
289 3141 353 3188 l'este
369 3141 515 3223 Holl'nung‘,
534 3155 588 3193 unt.
607 3158 630 3192 e.
647 3141 688 3209 76.
706 3141 818 3194 alacres
835 3154 860 3192 et
874 3141 1002 3207 fiduciae
1019 3140 1116 3208 pleni,
1132 3168 1170 3199 -,-
1186 3140 1257 3191 daber

189 3222 255 3272 spes
279 3220 354 3272 atque
370 3208 496 3273 fiducia,
521 3212 550 3262 Β.
569 3212 599 3260 C.
615 3213 636 3268 1,
655 3227 712 3271 20„
749 3229 783 3259 aa
800 3210 914 3261 Pralerei
930 3213 1044 3274 grinzeu
1060 3205 1166 3271 ltdnne,
1199 3208 1277 3259 lelntr

188 3274 217 3324 B.
234 3275 310 3324 Alex.
327 3295 350 3324 c.
367 3279 408 3343 74.
426 3279 460 3328 ad
476 3280 676 3329 ostentationem
692 3281 789 3351 regias
802 3277 938 3346 fiduciae·
968 3277 1026 3327 und
1046 3276 1092 3344 75.
1114 3275 1258 3329 incredibili

189 3344 245 3393 eius
261 3347 303 3394 vel
320 3348 487 3405 temeritate,
505 3351 548 3397 vel
557 3349 668 3414 fiducia
685 3350 841 3397 eosnmotus.

256 3430 323 3463 suas
340 3415 466 3483 iniurias]
502 3416 535 3466 D.
553 3418 571 3469 i.
589 3417 641 3465 sibi
658 3418 754 3477 illius,
788 3416 853 3465 oder
867 3413 993 3479 richtiger
1010 3431 1044 3463 an
1060 3431 1156 3464 unsrer
1173 3412 1258 3464 Stella:

79 3508 89 3515 -
190 3480 257 3547 ipsis
274 3481 379 3533 illatae.
409 3485 464 3533 Iler
487 3484 581 3535 Grund
599 3502 649 3534 vou
668 3503 735 3536 suas
751 3485 817 3548 liegt
835 3484 926 3542 dsriu,
954 3476 1015 3531 dass¹
1033 3482 1078 3531 die
1097 3483 1258 3547 Beleidiguu-

189 3565 240 3613 gen
262 3552 299 3601 als
317 3548 501 3605 riieltwirltend
520 3556 567 3603 sul
585 3552 631 3601 dns
648 3550 757 3615 Snbjeltt
774 3553 802 3601 in
818 3560 1040 3633 persequantur,
1073 3551 1188 3616 gedselrt
1201 3567 1260 3601 wer

97 3670 103 3685 ‚
143 3646 150 3667 ι
191 3618 256 3683 den3
272 3620 428 3683 gleichsam:
444 3634 472 3672 ut
489 3622 547 3671 a'uns
566 3623 676 3686 quisque
694 3634 861 3687 persequatur
879 3636 995 3669 iniurias.

257 3688 322 3756 Cap.
341 3688 461 3741 XXXIX.
490 3689 673 3758 perduxerat]
710 3689 834 3740 Oudend.
850 3697 907 3753 sag‘t
920 3687 1036 3738 bierbei:
1052 3688 1140 3739 miror
1155 3687 1199 3738 bie
1214 3685 1259 3737 loci

190 3755 376 3825 Mseriptoruln
394 3759 516 3809 omniurn
532 3776 702 3817 consensum,
728 3772 810 3822 quum
829 3758 887 3806 aliis
906 3756 934 3806 in
950 3756 1016 3805 locis
1035 3773 1145 3823 semper
1163 3758 1260 3821 *serien-

189 3835 239 3886 tur,
263 3839 289 3877 et
305 3827 361 3878 sine
379 3828 461 3881 dnbio
478 3829 567 3879 multo
581 3828 723 3892 elegantius
742 3827 786 3875 hie
802 3828 931 3890 legeretur
941 3825 1140 3892 produxerat,
1164 3838 1193 3875 ut
1209 3826 1259 3874 luce

192 3897 287 3945 elarius
307 3897 401 3961 probat
418 3898 458 3948 ct
474 3897 565 3947 Burm.
583 3893 616 3945 ad
637 3896 709 3945 Suet.
727 3895 820 3945 Claud.
838 3911 861 3943 c.
879 3892 906 3945 4.
920 3892 1047 3942 --Aber
1063 3893 1135 3960 Nep.
1152 3888 1259 3949 Ptoet,

121 3962 125 3971 ’
191 3978 254 4016 atr.
272 3965 385 4029 agellus,
403 3960 449 4031 bui
468 3982 512 4015 sne
531 3965 571 4015 ad
587 3964 661 4013 hane
680 3963 848 4035 dignitatem
862 3962 1013 4030 perduxit,-
1037 3962 1097 4013 und
1113 3980 1200 4013 ausser
1214 3960 1258 4009 tlee

190 4053 242 4086 von
263 4032 387 4084 Oudend.
409 4032 582 4099 angesdbrten
605 4032 691 4098 Beisp.
716 4031 773 4082 Cic.
794 4033 864 4081 Rull.
885 4031 913 4087 1,
938 4045 963 4097 9.
988 4026 1093 4099 lutbeat¹
1108 4048 1155 4081 tue
1182 4032 1258 4097 ipsum

79 4148 98 4165 -.
191 4105 358 4163 documento,
369 4129 405 4145 -
418 4104 560 4168 quaeritas
576 4104 619 4153 vis
636 4100 764 4151 facillime
782 4101 852 4153 viros
869 4097 1006 4149 benesed
1023 4097 1160 4155 tenorem
1175 4098 1259 4171 digui-

187 4182 329 4245 tatemque
349 4171 482 4240 perducat.
954 4186 957 4191 '
1039 4190 1043 4197 ⁴
