2618 4554
193 221 267 287 nu
298 193 446 281 annu.
479 214 628 279 esar.
672 212 769 275 Lm.
789 212 814 275 1.
859 205 967 274 car.
993 212 1046 277 31.
1100 180 1161 293 '67

65 393 117 463 liis
132 386 462 472 calamitatibusque
476 380 619 460 fractos,
653 378 714 467 qui
737 390 772 443 et
787 399 849 443 sua
865 377 1008 462 virtute,
1041 391 1076 447 et
1090 400 1157 468 po.

63 494 135 583 puli
159 490 319 559 Romani
335 480 488 575 hospitio
510 497 610 571 atque
632 476 782 567 auricilla
802 478 995 566 plurimum
1015 493 1093 546 aute
1117 482 1156 547 in

63 594 177 665 Gallia
193 590 405 686 potuissent,
423 596 554 652 coactos
569 605 641 649 esse
655 581 820 668 Sequanis
834 580 966 647 obsides
982 581 1074 663 dare,
1091 582 1157 650 no?-

10 763 14 774 ,
60 696 251 763 bilissimos
272 689 433 771 civitatis,
454 699 488 752 et
500 683 723 751 iureiurando
740 682 912 749 civitatem
930 683 1153 772 obstringere,

10 797 12 804 ’
58 820 128 863 sese
150 815 276 883 neque
290 790 425 859 obsides
438 785 656 875 repetituros,
677 806 788 871 neque
803 783 1008 849 auxiliuma
1021 788 1154 874 populo

57 900 219 967 Romano
247 892 517 983 imploraturos,
554 907 665 973 neque
686 896 919 968 recusaturos,
951 907 1018 972 quo
1039 887 1155 955 minus

57 1009 234 1088 perpetuo
271 994 335 1060 sub
371 992 513 1058 illorum
546 986 681 1053 ditione
718 1000 819 1073 atque
855 986 1004 1073 imperio
1034 1004 1155 1057 essent.

57 1100 179 1167 Unum
199 1120 241 1163 se
260 1117 336 1161 esse
349 1116 397 1160 ex
414 1087 511 1157 omni
534 1086 672 1154 civitate
696 1084 917 1166 Aeduorum,
952 1087 1009 1169 qui
1033 1089 1156 1159 adduci

53 1225 124 1269 non
140 1196 321 1291 potuerit,
342 1208 384 1261 ut
396 1194 538 1272 iuraret,
573 1200 633 1253 aut
645 1208 725 1252 suos
741 1186 868 1252 liberos
891 1186 1022 1254 obsides
1046 1191 1173 1261 daret..

56 1304 106 1371 ob
124 1325 212 1369 enm
225 1314 312 1385 rem
327 1318 365 1363 se
381 1318 428 1361 ex
442 1292 578 1359 civitate
594 1285 797 1377 profugisse,
813 1300 848 1352 et
863 1285 1006 1354 Romam
1032 1291 1076 1357 ad
1099 1316 1156 1359 se-

55 1418 178 1471 natum
194 1397 358 1475 venisse,
393 1394 562 1477 currilium
574 1385 807 1478 postulatum,
828 1388 916 1473 quod
934 1389 1024 1455 solus
1040 1413 1154 1479 neque

53 1501 291 1573 iureiurando
305 1490 419 1585 neque
437 1492 609 1561 obsidibus
625 1501 810 1557 teneretur.
844 1486 911 1553 Sed
932 1488 1029 1575 peius
1044 1493 1155 1560 victo·
1259 1506 1264 1550 ἐ

53 1607 151 1673 ribus
167 1600 360 1689 Sequanis,
377 1620 480 1686 quam
492 1591 619 1661 Aeduis
641 1590 748 1669 victis,
773 1588 950 1656 accidisse:
970 1606 1155 1679 propterea

55 1708 144 1795 quod
174 1702 396 1783 Ariovistus,
418 1719 485 1765 rex
509 1696 783 1767 Germanorum,
816 1688 855 1752 in
882 1711 1002 1755 eorum
1026 1693 1153 1763 linibus

55 1806 293 1885 consedisset,
322 1802 526 1885 tertiamque
548 1807 679 1883 partem
696 1790 769 1879 agri
791 1789 955 1875 Sequani,
990 1794 1050 1877 qui
1066 1810 1154 1865 esset

56 1912 212 2003 optimus
232 1905 341 1973 totius
358 1901 511 1994 Galliae,
531 1894 780 1983 occupavisset,
803 1902 837 1956 et
862 1909 953 1955 nune
983 1894 1025 1957 de
1047 1897 1153 1986 altera

57 2026 155 2105 puts
170 2007 285 2079 tertia
303 1993 480 2090 Sequanos
506 1998 669 2063 decedere
690 1994 834 2071 iuberet,
855 2005 1036 2079 propterea
1060 1989 1153 2084 quod

57 2114 179 2205 paucis
197 2106 381 2175 mensibus
395 2114 474 2176 ante¹
481 2096 656 2165 Harudum
670 2094 766 2160 milia
781 2092 961 2179 hominurn
976 2094 1094 2166 XXIV
1109 2100 1153 2166 ad

61 2238 139 2281 eum
153 2210 350 2287 venissent,
367 2193 491 2293 duibus
507 2200 603 2265 locus
625 2194 665 2262 ac'
677 2197 771 2261 sedes
785 2207 1000 2281 pararentur.
1038 2197 1152 2265 Futu-

61 2327 141 2382 rum'
153 2334 233 2377 esse
248 2306 371 2397 paucis
385 2303 493 2379 annis,
518 2300 570 2367 uti
590 2302 708 2363 omncs
723 2318 769 2361 ex
785 2295 916 2361 Galliae
930 2295 1055 2365 finibus
1070 2304 1153 2389 pel.

10 2455 13 2490 i
61 2418 233 2493 letentur,
254 2423 357 2497 atque
374 2402 493 2471 omnes
506 2398 674 2467 Germani
688 2398 848 2495 Rhenum
862 2399 1065 2468 transirent:
1085 2425 1152 2483 ute-j

10 2501 13 2568 l
62 2542 127 2607 que
148 2493 253 2581 enim
271 2506 519 2577 conferendum
551 2524 624 2568 esse
651 2500 820 2567 Gallicum
854 2521 933 2563 cum
956 2500 1152 2578 Germano.

63 2642 141 2687 rum
162 2637 263 2703 agro,
284 2630 398 2695 neque
417 2606 506 2671 hanc-
535 2602 816 2669 consuetudinem
844 2601 955 2667 victus
982 2627 1062 2672 cum
1090 2610 1173 2677 illa·

65 2713 347 2807 comparandam.
390 2706 602 2789 Ariovistum
621 2717 746 2786 autem,
766 2717 806 2769 ut
833 2705 938 2770 semel
970 2704 1152 2786 Gallorum

10 2793 17 2820 ί
66 2822 185 2911 copias
209 2812 348 2906 proelio
384 2806 525 2901 vicerit,
564 2807 654 2895 quod
680 2805 852 2895 proelium
880 2804 1010 2872 factum
1039 2810 1082 2876 sit
1109 2812 1154 2877 atl

65 2915 340 3010 Mage'tobriam,
374 2907 521 2997 superbe
542 2920 576 2973 et
593 2908 777 3007 crudeliter
797 2907 989 2996 imperare,
1017 2910 1153 2984 obsides

66 3018 276 3089 nobilissimi
293 3012 458 3097 cuiusque
475 3009 600 3077 liberos
621 3032 789 3098 poscere,
826 3023 861 3075 et
887 3010 925 3073 in
950 3033 1007 3076 eos
1038 3015 1155 3081 omnia

10 3151 12 3162 ·
69 3120 236 3209 exempla
251 3116 487 3201 cruciatusque
499 3102 618 3194 edere,
639 3112 668 3178 si
690 3135 756 3201 qua
782 3134 837 3177 res
866 3134 936 3177 non
964 3113 1153 3183 adnutum

133 3326 258 3377 Romam
272 3344 309 3357 ·-
323 3316 445 3387 venisse]
482 3317 571 3381 Vergl.
586 3323 667 3365 unten
689 3308 736 3370 VI,
757 3326 797 3362 ra.
820 3312 916 3363 insecta
937 3328 967 3365 re
989 3312 1076 3362 rediit.
1094 3312 1152 3365 Cir.

68 3390 104 3443 de
127 3390 194 3443 niv.
210 3389 233 3447 Ι,
251 3385 294 3437 41.
311 3384 431 3437 erwilmt
445 3386 572 3437 ebensslls
586 3384 658 3433 diese
675 3381 760 3431 Reise.
860 3409 863 3416 ·
1072 3388 1076 3393 ·

135 3468 359 3546 Mugetobriam]
378 3470 452 3521 Naclr
470 3472 574 3536 einigen
581 3466 668 3523 Codd.
681 3466 737 3516 und
756 3462 819 3515 dem
833 3464 1044 3530 griechllclsers.
1065 3468 1152 3520 Ama·
1174 3516 1177 3521 ,
1245 3487 1248 3494 ·

92 3543 203 3597 etobriu
217 3550 341 3607 genennt,
357 3538 401 3603 lag
418 3537 637 3591 wahrscheinliclr
659 3554 693 3586 un
711 3533 759 3583 der
777 3538 885 3593 sirone,
918 3537 991 3586 nieht
1014 3538 1076 3587 weit
1099 3554 1152 3586 rou

15 3645 20 3656 ·
68 3564 210 3665 lessam
232 3610 297 3659 oder
320 3607 471 3674 Beesnpon,
504 3625 547 3659 wo
572 3606 639 3658 nueh
662 3606 707 3655 die
731 3603 845 3661 Charton
866 3623 919 3653 ron
942 3608 1070 3655 ,lu-moire
1095 3606 1153 3655 und

10 3673 13 3682 ⁸
71 3663 231 3733 Reiclwrdt
256 3678 310 3727 den
336 3676 387 3725 Ort
409 3688 506 3741 gerent
526 3677 622 3727 haben.
647 3702 683 3713 -·
706 3672 756 3721 Ilm
785 3673 828 3720 bei
853 3676 949 3724 Jtt'csin:
982 3690 1014 3723 zu
1044 3672 1165 3733 cuchen„

71 3751 151 3813 rergl.
169 3746 215 3797 die
232 3744 344 3809 Augabe
359 3760 414 3794 ron
431 3745 540 3795 Mirtola
559 3746 603 3795 bei
622 3741 734 3793 Oberliu
752 3740 787 3791 ud
803 3741 831 3790 h.
847 3742 875 3795 l..
901 3741 1003 3792 sclscint
1018 3759 1069 3792 rou
1088 3741 1152 3791 dem

71 3817 243 3883 satrapum
261 3831 295 3863 zu
312 3812 377 3865 weit
392 3812 561 3864 abzul'iilsreu.
991 3822 994 3828 '

137 3900 235 3953 omnia
252 3898 380 3971 exempla
396 3926 433 3937 ·-
447 3899 539 3968 edere]
574 3898 717 3965 Exempla,
739 3901 796 3959 sagt
817 3894 956 3957 Oudend,
987 3896 1156 3961 gravissimas

10 3987 14 4022 t
73 3986 171 4038 poenas
189 3968 331 4031 denotant5
361 3968 446 4018 edere
470 3968 532 4017 alscr
555 3968 591 4017 ist
614 3961 658 4017 rin
683 3965 853 4029 allgemoiuer
874 3962 1012 4015 Ausdsuek
1034 3984 1080 4015 zur
1101 3967 1155 4015 lte-

10 4065 12 4074 ·
72 4037 221 4102 zeiehnn'ng
238 4037 312 4087 einer
330 4036 372 4084 ins
390 4034 539 4085 offentttehe
556 4036 647 4087 Lebcu
664 4031 853 4095 cintretendon,
875 4050 921 4083 ror
945 4035 991 4083 dos
1009 4030 1155 4085 Pnbtikum

10 4107 13 4174 j
72 4104 233 4172 gebnclrtku
247 4104 317 4155 'ttsu
332 4101 390 4155 und
406 4103 563 4171 Hondlnng,
594 4102 738 4169 gleichsam
758 4101 784 4151 in
803 4100 937 4163 medium,
965 4104 994 4153 in
1015 4097 1155 4170 publicru'u

72 4174 197 4242 patene.
230 4172 268 4229 So
286 4186 344 4241 sagr
361 4188 440 4229 mun:
456 4171 534 4229 edere
558 4172 645 4239 ludos,
670 4168 766 4231 clades,
791 4168 908 4223 caedem.
952 4172 1038 4227 Ucber
1063 4189 1156 4225 exesu-

820 4245 877 4327 55⁶.
