2618 4554
18 160 43 265 ἦ
102 120 348 269 taes-s
443 176 930 249 o.1uacsassa1s
1058 144 1076 183 '¹
1162 230 1170 274 ,

135 340 296 415 omnibits
315 342 498 413 'tormentis
523 357 641 412 necate
680 345 814 414 leviore
842 348 886 414 de
916 368 1052 432 caussa,
1081 348 1219 421 curten

18 514 20 521 ,
80 516 84 529 ,
140 448 293 528 desectis,
312 458 372 539 aut
393 446 542 534 singulis,
555 446 685 512 effossis
705 446 984 527 oculiadnmnm
1006 453 1165 535 remittit,
1183 464 1219 521 ut

39 572 42 577 ’
137 549 208 616 siat
224 548 371 635 reliquis
388 550 592 616 documento
620 560 654 615 et
672 544 907 636 magnitudine
926 573 1061 640 poenae
1081 562 1217 642 perter-

84 726 87 746 ι
135 664 234 717 reant
253 650 356 718 alios,
919 700 922 709 .
1075 668 1077 672 ·

143 752 266 821 --C.t-e·.
296 752 341 822 V.
388 750 450 819 His
485 749 662 840 suppliciis
705 752 862 817 celeriter
899 767 1016 820 coacto
1053 753 1216 836 exercitu,

133 845 335 941 Lucterium
354 844 560 933 Cadurcum,
579 874 733 941 summae
752 852 928 921 hominem
949 855 1122 930 audaciae,
1140 878 1216 920 eum

18 1028 20 1032 ,
134 960 235 1046 parte
265 942 445 1042 copiarum
465 956 512 1020 ¹in
540 955 692 1021 Rutenos
724 954 829 1020 mittit
832 981 849 1045 ,ι
886 954 963 1043 ipse
988 956 1028 1021 in
1048 958 1216 1044 Bituriges

104 1136 107 1141 ,
133 1056 374 1147 proficiscitur.
416 1057 500 1122 Eius
520 1056 670 1121 adventu
689 1055 857 1143 Bituriges
885 1056 929 1120 ad
948 1051 1105 1138 Aeduos,
1130 1072 1218 1144 'quo-1

21 1178 26 1189 ‘
134 1181 220 1226 rum
237 1170 334 1223 erant
354 1158 392 1224 iu
410 1157 498 1239 fide,
531 1156 657 1242 legatos
677 1155 818 1222 mittunt
837 1155 1026 1223 subsidium
1047 1171 1215 1244 rogatum,

138 1262 208 1349 quo
226 1258 362 1326 facilius
381 1257 533 1325 hostium
549 1259 664 1346 copias
677 1257 843 1323 sustinere
855 1259 999 1346 possint.
1045 1259 1163 1327 Aedui
1177 1257 1215 1337 de

73 1376 75 1387 '
134 1361 278 1455 consilio
295 1350 503 1449 legatorum,
533 1381 616 1447 quos
640 1361 763 1424 Caesar
779 1358 823 1422 ad
845 1361 1038 1427 exercitum
1059 1361 1216 1446 relique÷

46 1536 49 1543 ,
88 1462 90 1467 ’
133 1479 206 1546 rat,
241 1462 355 1552 copias
380 1460 555 1553 equitatus
572 1459 806 1547 peditatusque
829 1458 980 1526 subsidio
1003 1460 1235 1548 Biturigibus·

53 1602 63 1633 s
131 1566 284 1635 mittunt.
327 1557 399 1659 Qui
417 1583 523 1649 quum
541 1556 727 1629 adflumen
741 1559 895 1650 Ligerim
912 1561 1099 1641 venissent,
1127 1559 1213 1648 qnod

133 1667 305 1754 Bituriges
328 1663 370 1733 ab
398 1662 527 1731 Aeduis
560 1660 699 1745 dividit,
738 1686 863 1751 paucos
896 1663 966 1729 dies
995 1661 1046 1729 ibi
1077 1659 1212 1738 morati,

64 1800 68 1813 ·
134 1788 249 1857 neque
272 1765 403 1832 flumen
434 1762 579 1830 transire
602 1762 687 1842 ausi,
713 1762 858 1853 domum.
874 1778 1101 1832 revertuntur
1121 1767 1227 1865 lega-⁸

133 1871 244 1959 uisque
267 1863 637 1963 uostrislrenunoiant,
668 1887 703 1930 se
718 1863 911 1955 Biturigum
921 1866 1104 1956 perfidiam
1123 1863 1213 1933 veri-

122 1981 188 2037 tos
203 1967 394 2049 revertisse,
416 1966 539 2054 quibus
563 1966 599 2032 id
621 1968 754 2034 consilii
776 1967 882 2034 fuisse
906 1968 1142 2056 cognoverint,
1166 1979 1212 2057 ut,

1 2111 14 2146 κ,
35 2155 39 2164 Ι
105 2058 115 2113 Ῐ
132 2056 164 2139 si
178 2070 307 2139 flumen
324 2068 541 2149 transissent,
570 2092 638 2137 uua
656 2054 811 2158 exparte
830 2071 915 2154 ipsi,
942 2071 1048 2137 altera
1062 2066 1212 2139 Aruerni

132 2194 171 2241 se
203 2171 500 2259 circumsisterent.
544 2169 583 2235 Id
607 2193 689 2236 eane
720 2171 762 2235 de
790 2194 923 2253 caussa,
963 2178 1065 2259 quam
1095 2168 1212 2257 legatis

132 2272 418 2364 pronunciatum,
448 2282 492 2363 ati
510 2270 655 2359 perfidia
670 2270 804 2340 adducti
827 2271 982 2354 fecerint,
1010 2271 1101 2360 quod
1127 2267 1212 2337 nihil

34 2382 58 2405 '⁴
134 2374 234 2440 nobis
262 2386 408 2455 constat,
444 2393 515 2437 non
538 2373 674 2438 videtur
699 2397 765 2462 pro
789 2388 881 2440 certo
905 2387 977 2440 ess'e
1001 2362 1212 2463 ponenti-uin.

133 2519 282 2572 admittere
301 2519 330 2567 in
345 2535 382 2569 sa.
415 2517 520 2567 Terent
538 2536 561 2568 a.
580 2535 604 2568 a.
621 2519 655 2569 Ο.
672 2520 718 2582 IV,
737 2517 762 2578 5,
779 2518 821 2570 48.
850 2518 929 2570 tinch
946 2519 1015 2569 ohne
1033 2517 1130 2570 delict.
1149 2516 1211 2567 oder

119 2589 263 2661 socinum
285 2586 342 2638 cio.
359 2586 392 2637 de
408 2585 490 2651 Legg.
510 2587 578 2655 11-,7.
597 2590 809 2654 qualisquisque
826 2575 867 2650 iit,
884 2586 949 2653 qnid
965 2600 1030 2653 agat,
1050 2584 1117 2652 qnid
1136 2588 1166 2637 in
1183 2604 1211 2635 ee

133 2658 276 2708 admittat.
308 2655 399 2720 Vergl.
416 2655 547 2713 oben'Ill,
564 2673 588 2723 9.
610 2657 704 2722 Eclog.
725 2655 780 2707 Cic.
798 2657 917 2722 Hotting.
937 2674 963 2723 p.
984 2673 1026 2724 27.
1061 2654 1210 2723 Delictum,

132 2741 185 2777 von
204 2720 377 2804 delinquere,
403 2721 422 2771 i.
441 2741 465 2774 e.
481 2725 580 2790 arlegis
598 2743 690 2774 norma
709 2725 856 2785 devertere,
878 2726 1014 2788 secedere3
1048 2722 1133 2774 daher
1147 2721 1213 2772 steht

133 2792 265 2844 delictum
281 2809 378 2842 emmer
391 2791 420 2841 iu
434 2789 522 2857 Bezug
538 2795 585 2843 auf
596 2793 754 2844 bestehende
774 2793 838 2844 oder
855 2796 891 2843 als
909 2792 999 2844 solche
1017 2806 1212 2857 angenommne

133 2859 258 2913 Gesene:
294 2859 475 2918 Verbrechen,
497 2862 635 2931 Vergeheu
651 2879 734 2928 gagen
753 2861 805 2911 den
824 2862 895 2912 Stant
908 2861 964 2912 und
981 2876 1066 2926 gagen
1084 2860 1130 2909 die
1148 2861 1214 2911 bur-

133 2929 248 2996 gcrliche
270 2927 455 2997 Gesellschah.
481 2930 564 2993 Tacit.
584 2930 676 2981 Germ.
694 2947 733 2980 12.
752 2930 809 2980 init.
833 2931 976 2981 distinctio
996 2947 1155 2997 poenorum
1179 2945 1212 2978 ex

48 3022 50 3031 >
133 2997 245 3050 delicto.
254 3064 260 3078 ο
270 3000 423 3048 Peccatum
440 2998 475 3046 ist
491 2994 609 3064 da'gegen
626 2999 685 3081 gine
697 2999 887 3064 Usbertretung
901 2999 947 3048 des
959 2997 1211 3061 Veruunstgesetzes,

131 3064 614 3199 {tuttlltlttltttff'ltttta
635 3063 1212 3186 :ttetth}stlttttetdtitt‘ltssl

132 3204 177 3253 eiu
195 3200 324 3259 Irrthum,
359 3202 402 3250 eiu
424 3202 567 3258 Versehen.
594 3203 627 3255 de
647 3204 724 3254 offic.
740 3205 794 3263 ΙΙΙ,
818 3204 867 3262 25,
893 3203 935 3271 95.
957 3203 979 3251 si
1005 3203 1128 3268 gladium
1153 3202 1210 3267 quis

130 3270 202 3337 apud
223 3281 247 3319 te
266 3288 328 3319 sana
344 3281 432 3319 mente
450 3270 617 3339 deposuerit,
636 3284 741 3340 repetat
763 3273 908 3322 insanienst
929 3271 1040 3322 reddere
1060 3280 1210 3340 peceatum

132 3341 182 3404 sit·,
196 3339 321 3399 officium,
340 3355 394 3387 non
409 3338 530 3394 iedders.
640 3345 644 3352 '
1019 3348 1021 3353 ’

200 3406 324 3459 omnibus
340 3406 496 3475 tormentis]
532 3406 622 3474 Vergl.
645 3408 715 3459 oben
739 3408 774 3471 11,
797 3422 840 3460 20.
862 3407 919 3458 und
935 3406 979 3456 die
1001 3407 1073 3456 seins
1090 3402 1210 3473 Benierls·

131 3473 280 3528 Ruhnkeu’s
296 3491 329 3525 zu
346 3475 404 3525 Rue
420 3477 487 3543 Lup.
508 3476 529 3526 1.
547 3496 574 3544 p.
593 3475 636 3528 54.

115 3578 120 3591 .
200 3545 265 3611 Cap.
292 3542 327 3594 V.
367 3543 402 3595 de
426 3544 551 3613 coasilio]
593 3546 624 3595 In
653 3543 755 3594 diesem
770 3543 855 3601 ‚Falla
880 3541 936 3593 und
957 3541 1090 3592 manahen
1112 3541 1211 3602 andem

131 3611 213 3663 helsst
229 3614 265 3663 de
280 3629 310 3662 so
326 3611 439 3675 vtetats
457 3615 615 3674 recaredum,
638 3599 714 3670 nich,
738 3617 855 3678 gentilem
890 3629 913 3660 z.
931 3612 960 3661 Β.
985 3613 1018 3661 de
1036 3630 1112 3663 more
1140 3612 1210 3663 Suet.

132 3682 185 3743 Tit.
204 3699 226 3730 c.
242 3678 268 3731 5.
286 3680 366 3732 Galb·
381 3698 405 3734 c.
423 3679 463 3732 18.
483 3683 516 3732 de
535 3683 679 3732 sententia
695 3681 751 3732 Cic.
769 3680 802 3731 ad
820 3680 899 3730 Attio.
917 3680 960 3736 lV,
981 3696 1005 3728 a.
1020 3681 1093 3729 Tum
1110 3680 1210 3730 Lucul-

33 3774 36 3779 »
128 3743 172 3799 lus
192 3749 225 3805 de
242 3749 364 3800 omnium
380 3751 703 3816 collegarum'sententia
719 3749 861 3817 respondit.
896 3747 972 3800 Auch
988 3748 1046 3799 Liv.
1064 3749 1099 3811 11,
1117 3748 1209 3816 592-

101 3858 104 3863 .
131 3817 219 3882 vergi.
238 3818 336 3885 Zumpt
348 3817 373 3884 5
391 3816 434 3868 65.
450 3819 478 3867 S.
495 3817 556 3868 241.

198 3889 344 3938 revertisse
394 3886 477 3939 Wolrl
493 3887 574 3936 findet
590 3884 647 3934 sich
660 3884 706 3935 das
721 3886 834 3952 Partioip
852 3904 986 3947 reversus,
1003 3903 1027 3935 a.
1044 3885 1075 3934 Β.
1093 3884 1139 3943 VI,
1158 3883 1207 3939 42„

69 3959 79 4018 ¹.
133 3952 195 4003 aber
217 3958 323 4008 reverti
342 3967 376 4006 tst
396 3954 593 4022 gewo'hnlichrr
618 3950 674 4013 und
692 3956 742 4020 g'ilt
763 3954 806 4004 fur
823 3953 989 4013 classischer‚
1019 3956 1058 4002 als
1082 3971 1208 4005 reversus

132 4039 199 4072 sum.
236 4024 361 4091 Dagegen
386 4026 419 4075 ist
436 4034 561 4077 revertor
576 4022 632 4072 und
650 4023 811 4073 revertebar
836 4022 1066 4086 gebrtinclilicher,
1103 4024 1139 4072 als
1164 4020 1206 4070 die

62 4108 74 4133 κ
133 4085 234 4141 steven
250 4093 373 4143 Forsnen.
405 4093 532 4145 Dasselbe
550 4092 602 4157 gilt
618 4107 670 4140 von
689 4091 795 4141 diverto
811 4092 868 4140 und
883 4102 1042 4160 praevorto.

50 4154 54 4163 '
197 4176 249 4228 pro
273 4169 350 4210 certo
374 4170 441 4212 esee'
453 4156 625 4231 ponendum]
665 4160 712 4210 Bei
733 4159 789 4211 Cic.
807 4160 876 4212 steht
889 4176 996 4230 [sonere
1015 4158 1160 4211 mehrmals
1178 4157 1208 4206 ia
