2618 4554
164 178 407 291 nn'nuun.
433 217 587 287 annu.
630 208 803 286 Ltu'rv.
847 215 1046 315 cipp&
1092 166 1187 310 257¹.

63 411 134 462 uno
148 409 215 483 per
228 411 348 456 omnes
361 401 476 480 partes
501 387 718 477 perequitant
737 398 771 453 ct
794 370 862 451 tela
882 387 1084 472 coniiciunt,
1104 407 1159 463 at.

72 515 143 582 que
164 493 244 582 ipso
263 503 399 559 terrore
420 509 585 578 equorum
610 500 646 585 et
668 487 817 577 strepitu
836 500 992 555 rotarum
1020 492 1160 564 ordines
1203 556 1223 583 ,

71 597 279 684 plerumque
302 592 530 683 perturbante·
560 602 595 655 et
615 610 723 675 quum
749 610 786 653 se
805 588 898 655 inter
912 592 1065 678 equitum
1079 607 1159 673 tur<

71 718 148 763 mas
164 694 427 775 insinuaverint,
449 715 495 758 ex
509 692 632 781 essedis
651 687 822 772 desiliunt,
841 691 1032 779 etpedibus
1045 718 1157 786 proe-
1240 754 1243 762 ,

71 797 215 867 liantur.
257 796 409 884 Aurigae
439 793 581 872 interim
609 789 788 878 paullatim
810 811 864 856 ex
892 795 1024 880 proelio
1052 820 1179 864 exce·-x

71 900 174 979 dunt,
195 902 297 986 atque
310 895 361 962 ita
370 918 494 961 currus
506 916 543 959 se
557 893 735 968 collocant,
759 902 810 972 ut,
831 891 861 956 ei
882 893 936 961 illi
956 916 976 960 a
996 898 1157 966 munitu-

73 1001 157 1068 dinc
172 999 323 1066 hostium
342 1008 563 1086 premantur,
599 992 797 1086 expeditum
819 993 860 1058 ad
881 1012 964 1062 snos
979 1013 1159 1088 receptum

70 1090 232 1170 habeant.
274 1101 326 1168 Ita
338 1098 563 1165 mobilitatem
579 1093 745 1180 equitum,
770 1094 986 1167 stabilitatem
1000 1101 1156 1187 peditum

71 1204 112 1272 in
123 1202 268 1294 'pioeliis
282 1213 476 1291 praestant,
488 1209 674 1265 accentum
696 1216 760 1273 usu
775 1195 973 1282 quotidiano
994 1213 1029 1266 et
1051 1222 1158 1269 excr-

70 1306 237 1373 citatione
252 1304 417 1384 efficiunt,
437 1303 492 1369 uti
510 1295 689 1393 indqclivi
709 1316 748 1359 ae
763 1296 944 1386 praecipiti
966 1299 1043 1366 loco
1064 1301 1159 1370 inei-2

71 1398 284 1494 tatesequoa
294 1405 462 1472 sustinere
468 1452 480 1484 ,
512 1413 551 1490 et
562 1397 660 1466 brevi
674 1392 848 1464 moderari
867 1420 906 1462 ac
926 1399 1083 1484 flectere,
1110 1418 1158 1488 -et

70 1528 139 1598 per
147 1520 322 1575 temonem
336 1524 552 1596 percurrere,
570 1499 656 1569 etin
670 1498 752 1587 iugo
766 1497 941 1583 insistere,
973 1502 1100 1569 etinde
1118 1527 1156 1591 se
1223 1540 1226 1551 ·

70 1611 250 1676 incurras
264 1604 593 1693 citissimereeipere
608 1602 814 1667 consuerint.
860 1632 866 1657 ·.
1122 1595 1155 1643 ‘
1194 1610 1201 1624 “

80 1750 83 1757 ·
116 1711 208 1778 ΟΔΡ.
224 1707 389 1777 XXXIV.
432 1703 569 1791 Quibus
583 1702 700 1785 rebus,
715 1702 922 1790 perturbatis
940 1705 1067 1772 nostris
1089 1729 1156 1774 nov

70 1811 180 1881 vitate
193 1828 341 1898 pugnae,
364 1819 519 1894 tempore
536 1804 827 1895 opportunissimo
844 1804 968 1871 Caesar
982 1807 1155 1878 auxilinm

38 1968 43 1975 .
70 1914 170 1984 tutin
190 1906 430 1996 namque'cius
443 1907 593 1977 adventu
603 1906 716 1991 hostes
730 1906 961 1984 connumerant,
991 1907 1154 1974 nostriec

70 2037 122 2083 ex
134 2014 261 2082 timore
273 2019 488 2099 receperunt.
530 2009 611 2098 Quo
627 2009 729 2091 facto,
749 2009 793 2074 ad
814 2007 1046 2072 lacessendum
1063 2022 1099 2075 et
1110 2011 1154 2076 ad

71 2110 358 2186 committendum
377 2110 551 2200 proelium
577 2109 728 2176 alienum
741 2130 821 2193 ,esse
833 2123 981 2197 tempus
1005 2108 1155 2177 arbitra-

71 2232 148 2302 tus,
181 2239 244 2284 suo
257 2214 382 2280 seloco
397 2210 565 2278 continuit
589 2220 635 2288 et,
656 2208 754 2276 brevi
773 2221 928 2301 tempore
942 2209 1152 2294 intermisso,

71 2317 113 2386 in
125 2329 235 2384 castra
247 2315 397 2403 legiones
410 2312 562 2378 reduxit.
604 2312 699 2377 Dum
717 2311 802 2376 haee
819 2326 1009 2401 geruntur.
1026 2312 1153 2379 nostris
1242 2344 1245 2351 ¹

72 2417 233 2501 omnibus
245 2415 433 2504 occupatis,
464 2412 524 2501 qui
540 2425 638 2478 crant
649 2412 688 2479 in
709 2415 800 2500 agris
812 2412 955 2501 reliqui,
991 2412 1154 2480 dicerene-¹

72 2533 165 2588 runt.
206 2517 350 2586 Secutae
365 2529 445 2583 sunt
461 2515 640 2590 continuos
659 2516 855 2601 complures
880 2515 951 2581 dies
967 2528 1153 2604 tempesta·
1192 2568 1195 2573 -

70 2631 137 2702 tes,
159 2641 247 2709 quae
264 2631 298 2684 ct
310 2630 445 2685 nostros
461 2616 499 2683 in
515 2614 631 2682 castris
653 2616 888 2700 continerent,
924 2630 959 2684 et
976 2615 1108 2686 hostem
1130 2638 1154 2684 a

141 2795 249 2841 terrore
266 2786 406 2858 equorum]
423 2786 425 2795 '
441 2786 476 2838 D.
499 2786 517 2836 i.
533 2801 611 2836 sensu
627 2786 771 2847 transitivo,
789 2784 838 2837 der
855 2782 1013 2843 scientes,
1030 2786 1152 2841 weicheri
1197 2848 1199 2853 Ι
1247 2828 1251 2835 ,

39 2902 42 2909 ,
74 2855 124 2908 dic
134 2854 231 2909 Pserde
249 2857 380 2922 eiujagen.
397 2858 469 2907 Serr-
486 2855 520 2907 ad
537 2856 631 2919 virgil.
650 2854 718 2906 Ace.
738 2855 784 2914 xi,
801 2855 862 2922 557.
901 2858 997 2905 Terror
1020 2869 1074 2917 est,
1104 2856 1152 2922 qui
1203 2878 1209 2889 ·

74 2927 134 2977 aliis
152 2927 269 2987 insertio,
285 2938 379 2983 metus,
398 2941 478 2990 quem
497 2924 594 2974 habeut
623 2924 753 2973 timentes.
784 2922 946 2975 Acltnlicltes
968 2924 1012 2975 bei
1030 2925 1087 2976 Liv.
1105 2925 1153 2987 Vl,

76 3008 117 3048 12·
136 3005 264 3044 terrorem
281 3007 429 3059 equestrem
446 2993 578 3060 occupatis
597 2993 650 3042 ulio
668 3009 762 3058 patore
780 2993 856 3042 inser.

142 3078 208 3149 Cap.
225 3078 347 3131 XXXiV.
382 3096 455 3149 qnae
472 3105 507 3117 -
525 3076 713 3144 continerent]
752 3078 814 3128 Der
838 3074 995 3139 Coniunctir
1013 3076 1073 3128 hier
1093 3078 1151 3129 und
1184 3106 1190 3117 =

73 3146 103 3199 in
120 3146 262 3200 ilmiichen
280 3149 381 3200 Stellen
404 3144 474 3197 kann
500 3165 550 3196 nur
573 3143 668 3196 crltliirt
689 3146 795 3199 werden
821 3145 905 3197 durch
922 3147 982 3196 cine
1001 3147 1104 3213 Ellipse‘
1122 3145 1152 3199 iu

74 3214 122 3268 ‹ler
138 3216 270 3283 Sprrehc,
297 3234 328 3267 eo
352 3217 403 3267 wie
428 3216 456 3265 iu
479 3215 543 3265 dem
570 3215 724 3267 l'erstantle.
765 3214 889 3267 Nimliolt
915 3230 942 3264 es
958 3215 1027 3267 wird
1045 3215 1152 3275 attempt

74 3284 122 3337 der
139 3285 258 3335 einfache
274 3283 535 3348 Substantirbcgriil',
563 3284 601 3332 als
624 3284 669 3332 cin
695 3300 792 3333 nomeu
809 3284 976 3348 genericmn,
995 3285 1151 3352 poterunt,

73 3353 140 3405 oder
163 3354 196 3409 in
216 3355 305 3404 einem
327 3370 448 3405 erarem·
466 3351 521 3402 und
543 3369 613 3402 zwur
637 3362 840 3421 praegnantem
864 3352 947 3402 Sinna
979 3366 1152 3416 genonnneu,

32 3474 50 3492 9
73 3419 158 3475 durch
175 3421 222 3473 das
237 3392 462 3487 thzugei'achte:
484 3419 609 3482 eoleher,
636 3438 681 3481 co,
712 3424 742 3470 in
760 3421 822 3472 deut
842 3421 950 3482 Gnade,
982 3418 1151 3491 dergeetalt·
1191 3442 1197 3449 ·

72 3488 176 3542 nim.
195 3491 633 3570 B.tempestate.rta1q,qravee,
651 3486 836 3540 vehernentes.
870 3486 935 3538 Alsn
958 3488 1024 3553 licgt
1049 3490 1077 3538 in
1102 3488 1153 3558 qui

73 3559 185 3610 eludenti
200 3558 333 3611 cntweder
349 3570 381 3610 ut
396 3570 595 3609 consecutivum
612 3555 677 3606 oder
693 3558 849 3622 potentiale,
880 3558 931 3608 wie
956 3575 1019 3606 rnan
1037 3574 1064 3607 es
1082 3575 1151 3607 uen-
1188 3604 1191 3615 ,
1237 3594 1241 3605 .

72 3643 126 3679 nen
141 3623 248 3680 konnen
281 3627 339 3679 Aut
353 3628 425 3678 diesc
441 3627 531 3678 Weise
548 3623 654 3675 innuen
671 3627 722 3675 alle
738 3627 838 3691 Regeln
860 3622 984 3676 iun-tut.
1001 3623 1026 3689 9.
1044 3624 1096 3693 495
1112 3652 1147 3663 ··—

72 3695 134 3765 499.
150 3692 246 3747 erltliirt
259 3697 375 3747 werden.
402 3696 446 3747 Itu
464 3692 639 3760 Gegentheil,
669 3712 747 3746 wenn
772 3696 821 3762 qui
836 3694 907 3743 liloes
925 3689 1078 3760 erltliireutl,
1111 3695 1150 3745 ale

72 3762 232 3832 Apposition
247 3766 323 3824 steht,
340 3765 386 3815 bat
401 3782 428 3813 es
448 3764 501 3815 den
516 3763 626 3815 Iudicat.
643 3763 710 3812 nach
727 3762 797 3812 sich.¹
809 3760 878 3814 Ptin.
891 3763 959 3827 Epp.
978 3761 1025 3821 ill,
1045 3778 1085 3812 12.
1101 3779 1150 3812 nc-

73 3849 123 3899 que
139 3832 214 3884 enim
231 3835 250 3882 ii
265 3852 363 3893 sitinus,
382 3850 448 3897 quos
464 3824 610 3898 titupcrar‘c
627 3859 661 3868 -
678 3833 787 3897 possint.
811 3833 840 3882 B.
859 3829 893 3880 G·
911 3832 942 3888 V,
960 3828 1003 3881 50.
1020 3842 1107 3895 neque
1125 3830 1148 3880 is

71 3918 140 3962 tum,
157 3903 203 3966 qui
217 3915 320 3955 terrear.
343 3903 446 3966 Des-egl.
464 3901 533 3951 Pliu.
552 3902 620 3966 Epp.
637 3900 682 3960 VI,
701 3916 743 3956 20,
764 3899 803 3950 15.
821 3911 902 3957 eruut,
921 3900 970 3967 qui
984 3911 1057 3948 ructu
1073 3916 1149 3949 mor·
1221 3924 1234 3937 .

70 3970 104 4020 tie
123 3977 238 4021 mortem
250 3981 444 4038 precarentur.
461 3968 568 4021 -Jlllee
586 3969 738 4028 defuerunt.
769 3968 819 4037 qui
838 3985 897 4016 tera
914 3966 1030 4031 pericula
1055 3985 1148 4038 nuge-

71 4049 144 4089 rent.
161 4038 335 4098 -nArlerunt,
363 4040 408 4104 qui
430 4040 528 4089 Miseni
554 4038 631 4087 sitisse
656 4035 818 4085 nuntiabunt.
843 4063 877 4073 ···
900 4036 990 4099 Vergl.
1016 4030 1093 4085 Boiu·
1115 4054 1149 4086 zu
1195 4051 1196 4055 ’

71 4104 128 4157 Clo·
146 4106 180 4157 ‹le
200 4107 276 4161 Ostia.
295 4108 312 4159 i.
330 4108 355 4171 9.
373 4109 397 4157 5.
423 4109 522 4172 Zumpt
536 4106 560 4169 9.
581 4104 621 4169 78,
637 4120 662 4169 q.
681 4105 709 4154 ll'.
730 4130 765 4143 -
788 4103 847 4152 Aut·
866 4103 941 4163 jeder
967 4105 1024 4153 tull
1046 4105 1079 4154 ist
1101 4105 1148 4154 dur

70 4170 182 4228 lntlicat.
198 4176 266 4226 nach
284 4182 333 4248 qut
349 4176 422 4226 nieht
437 4194 470 4226 so
485 4171 688 4240 ungeunlutteh,
709 4174 762 4235 trie
780 4172 891 4225 incutite
912 4169 1049 4239 glattbtenq
1083 4173 1152 4238 auch
