2618 4554
114 248 236 329 ’.ιιι
438 300 441 307 .
477 200 513 316 c.
541 253 654 316 nun
697 248 968 345 cnnsnnrs

175 420 280 496 rebus
314 416 588 489 administrandis
627 420 779 501 morati,
812 423 913 511 prius
960 432 1069 489 suos¹
1091 421 1257 490 discessisse

178 538 421 617 cognoverunt,
437 546 547 610 quarn
567 522 814 592 munitionibus
834 524 1179 612 appropinquarent.
1254 554 1258 561 ·

220 614 308 695 CAP.
322 624 516 693 LXXXIII.
539 624 626 703 ·Ita,
653 647 693 688 re
714 624 858 702 infecta,
889 624 927 688 in
955 626 1140 711 oppidum
1159 648 1258 695 revere

178 740 305 798 terunt.
345 724 402 792 Bis
420 744 545 810 magno
566 746 646 788 cum
665 724 869 817 detrimento
891 726 1036 811 repulsi
1060 725 1172 805 Galli,
1196 720 1259 813 quid

179 843 293 921 agant,
314 825 518 892 consulunt:
539 825 696 890 locorum
715 826 845 915 peritos
865 822 1059 893 adhibenti
1085 826 1129 891 ab
1149 826 1260 893 his-su·
1301 877 1304 916 ἦ

178 931 358 1022 periurum
392 936 583 1001 castrorum
618 926 700 989 situs
731 924 1018 1012 munitionesque
1059 938 1260 1014 cognoscunt.

75 1016 79 1026 Ι
178 1034 264 1100 Erat
283 1054 302 1095 a
324 1025 622 1116 septemtrionibus
642 1025 749 1106 collis,
772 1049 873 1112 quem
892 1043 1053 1119 propter
1072 1027 1262 1117 magnitudi·

179 1156 261 1199 nem
289 1127 450 1195 circuitus
471 1128 576 1215 opere
596 1126 829 1214 circumplecti
850 1151 923 1221 non
944 1141 1144 1225 potuerant
1163 1129 1262 1208 nostri,

154 1286 156 1295 .
179 1230 440 1316 necessarioque
460 1249 569 1317 paene
586 1226 706 1314 iniquo
727 1227 803 1290 loco
823 1241 856 1294 et
879 1229 1015 1294 leniter
1042 1230 1193 1309 declivi,
1208 1252 1264 1294 ea·
1294 1250 1298 1259 ’

181 1338 253 1403 stra
272 1331 435 1398 fecerant.
478 1328 570 1394 Haec
591 1328 634 1393 C.
653 1329 819 1394 Antistius
839 1328 1020 1415 Reginus,
1056 1347 1094 1399 et
1116 1332 1158 1397 G.
1177 1332 1264 1396 Caui-

181 1437 259 1503 nius
278 1433 430 1508 Rebilus,
451 1429 569 1515 legati,
592 1418 673 1493 oum
694 1414 824 1494 duabus
842 1430 1044 1516 legionibus
1068 1434 1263 1502 obtinebant.
1297 1466 1303 1511 ι,

181 1535 334 1625 Cognitis
364 1520 429 1622 per
458 1530 692 1618 exploratores
718 1530 934 1616 regionibus,
978 1534 1097 1611 ,duces
1131 1535 1264 1602 hostium
1298 1524 1307 1575 I

180 1635 247 1707 XL
265 1633 364 1701 milia
383 1657 429 1699 ex
450 1631 546 1697 omni
572 1653 719 1696 numero
748 1630 901 1716 deligunt
930 1655 1061 1700 earum
1091 1636 1264 1717 civitatum,

128 1742 149 1815 ’,
183 1758 271 1824 quae
286 1734 475 1803 maximam
495 1733 633 1816 virtutis
648 1731 847 1821 opinionem
864 1731 1066 1817 habebant3
1090 1738 1174 1820 quid
1192 1761 1265 1824 quo·
1305 1758 1307 1789 ³

183 1860 251 1925 qne
278 1848 380 1926 pacto
408 1834 464 1922 agi
497 1835 646 1921 placeat,
683 1835 812 1906 occulte
842 1833 933 1898 inter
968 1858 1008 1899 se
1044 1840 1264 1919 constiturum

182 1937 330 2005 adeundi
351 1950 487 2023 tempus
506 1934 692 2016 definiunt,
734 1958 840 2022 quum
866 1935 1036 2021 meridies
1068 1960 1145 2030 esse
1163 1939 1266 2005 videa-

13 2077 16 2087 ·
76 2110 80 2120 ,
152 2053 253 2108 'tun
293 2038 340 2102 Iis
367 2036 475 2127 copiis
500 2035 1053 2123 Vergasillaunum'Ar·ve1·num,
1100 2064 1210 2108 unum
1229 2063 1279 2105 ex·

182 2140 329 2229 quatuor
351 2137 510 2219 ducibus,
538 2137 772 2224 propinquum
794 2137 1117 2227 Vercingetorigis,
1154 2141 1266 2232 praefi-

40 2294 44 2301 .
122 2248 126 2253 ’
183 2241 312 2308 ciunt·
342 2239 406 2304 IIIe
433 2263 478 2304 ex
508 2239 624 2302 castris
651 2240 766 2326 prima
795 2238 912 2325 vigilia
943 2263 1128 2328 egressus,
1169 2265 1266 2330 prope

184 2340 347 2431 confecto·
362 2341 423 2406 sub
444 2338 557 2405 lucem
577 2337 721 2420 itinere,
752 2352 829 2426 post
851 2353 1010 2407 montem
1034 2332 1074 2408 se
1098 2342 1268 2409 occultavit

181 2438 387 2530 'militesque
429 2463 475 2507 ex
515 2453 691 2527 vnocturno
728 2441 847 2510 labore
880 2463 953 2506 sese
987 2444 1141 2511 reficere
1173 2445 1268 2511 iussit.

183 2635 346 2706 Aegiensibus
368 2663 404 2681 -n
422 2633 573 2691 occurrunt:
604 2640 751 2708 Iit'msgna
777 2640 881 2692 caedes:
918 2641 1048 2695 sedulius
1075 2672 1113 2685 -
1138 2644 1269 2696 occiditur:
1296 2658 1299 2665 ·

184 2708 398 2774 Vergasillaunus
419 2706 703 2776 -comprehenditur
722 2724 770 2761 etc.
805 2714 865 2762 fasc
887 2711 929 2761 his
949 2712 1040 2765 Eride.
1064 2741 1104 2754 —-
1123 2715 1178 2764 Das
1198 2728 1269 2777 gance

186 2794 210 2828 c.
228 2778 271 2844 90.
305 2778 357 2826 Mit
375 2777 507 2842 gleichem
523 2775 626 2828 Attclte
644 2780 673 2827 B.
693 2778 722 2828 C.
737 2779 758 2835 Ι,
776 2778 800 2828 6.
819 2781 886 2828 Tota
901 2781 978 2829 Italis
999 2781 1124 2832 delectus
1144 2782 1268 2840 habentur,

187 2860 259 2896 arma
277 2846 452 2910 imperantur,
481 2847 608 2912 pecuniae
622 2866 637 2896 a
654 2848 807 2912 municipiis
827 2849 982 2913 exiguntur,
1018 2852 1125 2900 efauis
1144 2852 1269 2906 tolluntur,

187 2915 279 2965 omnia
296 2913 384 2964 diviua
401 2915 566 2978 humanaque
585 2916 641 2964 iura
663 2918 860 2980 permiscentur.
893 2916 974 2967 Nicht
999 2919 1089 2968 selteu
1114 2920 1198 2969 findet
1216 2933 1269 2967 men

186 2981 397 3033 diesesColorit
413 2983 459 3033 des
479 2983 547 3050 Styls
564 2984 610 3035 bei
627 2984 731 3045 Sallust,
749 2984 818 3035 noch
835 2983 911 3034 mehr
928 2986 973 3034 hei
988 2985 1115 3039 Tacitus.

108 3112 110 3117 Ι
257 3049 320 3115 Cap.
341 3049 485 3101 LXXXIII.
523 3053 590 3121 quid
616 3070 722 3123 quoque
768 3053 850 3120 acto]
884 3056 1052 3122 1.,e.qoid
1077 3066 1111 3109 et
1137 3054 1269 3126 quomedo.

186 3119 308 3168 Pactum
328 3130 390 3169 statt
412 3120 507 3170 scottos
524 3120 606 3169 findet
621 3121 680 3169 sich
697 3071 868 3180 mehrmalss
892 3140 916 3170 z.
934 3121 963 3170 B.
981 3124 1044 3173 Lis.
1065 3124 1090 3184 Ι,
1111 3125 1155 3176 52.
1174 3124 1226 3174 Sed
1242 3122 1269 3171 de

187 3186 244 3234 istis
262 3185 339 3235 rebus
358 3187 489 3254 lupatria·
506 3189 620 3237 maiores
637 3200 699 3241 natu
719 3192 893 3246 consulemus,
913 3208 966 3258 quo
981 3202 1078 3258 pacto
1099 3195 1142 3243 ius
1161 3204 1270 3242 uernum

188 3254 375 3319 adipiscamur.
411 3257 502 3306 lustin.
517 3256 619 3318 XXIV,
639 3258 664 3307 8.
683 3271 745 3309 extr.
771 3260 828 3326 Quo
846 3268 934 3325 pacto
959 3262 1064 3321 evcnit,
1101 3274 1132 3311 ut
1149 3279 1227 3312 nemo
1244 3273 1270 3307 ex

187 3330 260 3371 tento
285 3322 400 3375 exercitu
425 3350 460 3361 --
485 3325 526 3372 vel
551 3323 584 3373 ad
608 3328 766 3376 memorium
788 3338 871 3374 tantae
901 3325 983 3374 cladis
1016 3344 1178 3394 superesset.
1213 3327 1271 3376 ibid.

187 3388 333 3450 XXXVIII,
354 3406 393 3450 ιο,
411 3407 435 3456 7.
454 3388 529 3440 Tunc
546 3392 667 3443 Phraates
685 3394 851 3443 Demetrium
870 3395 896 3443 in
912 3394 1021 3459 Syriam
1037 3397 1072 3446 ad
1093 3397 1271 3463 occupandum

113 3482 117 3488 ·
157 3492 160 3497 -
186 3473 299 3523 regnum
318 3485 353 3498 ··-
370 3459 458 3517 mittit,
476 3472 551 3520 uteo
568 3472 655 3528 pacto
674 3462 820 3511 Antiochus
838 3462 872 3511 ad
891 3480 935 3510 sua
954 3464 1055 3515 tuenda
1073 3483 1090 3514 a
1109 3467 1214 3515 ParthIs
1233 3481 1270 3512 re·

143 3570 154 3578 ,
173 3539 329 3578 .voearetrrr.
363 3527 469 3584 Terent,
484 3526 567 3579 Andr.
586 3528 607 3587 I,
630 3546 655 3591 1,
671 3547 714 3579 22.
726 3533 770 3581 Ἐο
789 3541 877 3598 pacto
900 3543 925 3579 et
942 3534 1016 3595 gnati
1038 3534 1126 3583 vitam
1148 3549 1174 3584 et
1190 3533 1270 3584 conei-

186 3595 256 3644 lium
276 3612 368 3647 meum
385 3609 533 3660 cognosces.
565 3598 762 3663 Vergleiclrung
785 3601 871 3648 dieser
887 3600 943 3648 und
961 3601 1060 3651 andree
1077 3601 1185 3653 StclIen
1203 3601 1270 3656 lehrt,

189 3662 249 3712 dass
269 3682 301 3714 eo
323 3675 412 3731 pacto
431 3664 504 3714 nicht
519 3666 756 3728 gleiclrbedeutend
772 3670 822 3722 mit
839 3667 891 3718 libo
909 3671 988 3719 modo
1009 3687 1072 3734 sey,
1094 3670 1212 3721 sondern
1229 3670 1271 3718 der

170 3740 284 3782 'ersten
307 3732 461 3798 Bccleutun‘g
485 3737 602 3797 gemite,
628 3752 657 3783 so
674 3737 728 3786 viel
752 3739 804 3785 als:
835 3749 911 3786 unser
931 3738 981 3787 der
1000 3734 1270 3811 Bcdingungjdd.

84 3817 87 3822 ’
186 3812 266 3849 werin
285 3798 439 3852 dicssodcr
450 3800 535 3865 jener
548 3802 705 3870 geschiebt.
736 3803 801 3853 Also
816 3822 839 3855 a.
857 3806 886 3854 B.
904 3803 973 3853 christ
995 3800 1035 3855 du
1055 3806 1139 3866 diess,
1160 3827 1190 3857 so
1205 3808 1270 3857 wirst

189 3865 226 3916 du
246 3880 354 3932 gerettet
376 3868 499 3921 werdere
535 3868 587 3919 lsoc
608 3881 697 3937 pacto
724 3873 887 3923 servaberis.
903 3896 938 3914 -·-
957 3873 1072 3923 Manche
1097 3877 1167 3926 Mss.
1190 3876 1270 3924 hutten

187 3952 333 4004 quoquos-
353 3937 420 3986 eben
438 3956 468 3987 so
486 3937 529 3987 bei
546 3937 610 3986 sall.
629 3938 684 3988 Cet.
705 3941 747 3999 23,
765 3945 790 3990 t.
819 3942 889 4009 Quid
912 3959 1021 4011 quoque
1048 3946 1132 3995 modo
1152 3945 1268 3997 audierat,

186 4005 306 4052 narravit.
334 4005 389 4056 Der
406 4006 650 4071 Zusammenhang,
681 4007 728 4057 der
747 4009 808 4058 hier
825 4011 868 4057 ein
888 4009 983 4059 andr-er
1000 4011 1050 4071 ist,
1068 4014 1108 4060 als
1127 4016 1173 4064 ob.
1188 4014 1217 4073 V,
1232 4010 1268 4061 33·

93 4068 97 4075 “
183 4072 252 4152 guid
268 4089 377 4141 quoque
398 4073 459 4126 loco
480 4076 728 4140 faciendumesset3
758 4077 814 4125 und
833 4089 912 4126 unten
932 4078 992 4135 VII,
1004 4077 1050 4128 85.
1077 4084 1151 4148 quid
1167 4096 1267 4150 qunque

182 4155 210 4186 in
227 4152 299 4204 parte
319 4153 436 4205 geratur,
476 4143 637 4192 entscheidet
660 4145 702 4193 fttr
726 4145 769 4194 die
796 4144 864 4194 oben
881 4146 1038 4212 angegebne
1057 4148 1118 4199 und
1142 4150 1208 4200 auch
1222 4164 1267 4200 ron

179 4205 257 4259 Corte
274 4224 307 4259 zu
324 4209 390 4260 Sall.
406 4228 430 4260 a.
445 4227 469 4263 a.
483 4211 517 4261 0.
533 4211 705 4277 rertheidigte
722 4211 881 4279 Erlrltinrng·
917 4269 921 4280 ,
