2618 4554
214 214 300 275 DE
339 212 493 275 BELL.
524 210 675 293 aaut.
716 212 858 291 altat
902 212 1080 289 §Alton
1164 221 1205 288 51

85 396 202 451 nmen
217 392 261 447 et
279 402 407 447 amore
421 378 577 446 fraterno
600 390 633 444 et
656 377 910 447 existimatione
924 381 1020 471 vulgi
1043 404 1201 455 commo·

85 482 169 551 veri.
192 478 314 571 Quod
331 481 461 569 siquid
481 481 513 559 ei,
531 478 715 545 a'Caesare
731 480 867 566 gravius
883 478 1069 566 accidisset,
1088 510 1197 575 quum

85 586 157 677 ipse
175 608 271 651 cum
285 587 411 651 locum
428 582 598 649 amicitiae
611 580 701 683 apud
722 602 809 647 eum
834 592 986 673 teneret,
1022 588 1200 655 neminem
1221 630 1229 645 ι

86 686 407 767 existimaturum,
443 708 516 750 non
539 704 599 749 sua
624 682 802 751 voluntate
824 682 971 751 factum:
1002 710 1069 774 qua
1096 712 1200 756 exre

85 760 280 869 interum,
321 786 378 853 nti
408 785 514 855 totins
536 783 669 852 Galliae
700 784 808 850 animi
840 782 917 852 ase
948 801 1196 857 averterentur.
1236 852 1239 867 ,

87 888 178 955 llaec
194 880 322 977 quum
337 887 498 975 pluribus
515 884 629 953 verbis
642 883 727 951 flens
750 879 773 949 a¹
786 885 930 953 Caesare
944 903 1087 978 peteret,
1107 892 1197 958 Cae·
1302 890 1307 897 ’

87 1012 141 1057 sar
155 989 241 1055 eius
259 989 425 1055 dextram
443 988 602 1075 prendit:
623 987 813 1075 consolatus
829 1002 938 1077 rogat,
964 988 1070 1058 finem
1090 1016 1196 1059 oran<

89 1090 121 1157 di
134 1090 270 1158 faeiat:
293 1089 384 1156 tanti
398 1089 473 1154 eius
489 1088 579 1177 apud
593 1109 629 1153 ee
642 1088 788 1177 gratiam
804 1111 875 1155 esse
896 1091 1061 1173 ostendit,
1092 1095 1145 1161 uti
1160 1107 1196 1161 et

86 1184 315 1281 r'eipublicae
329 1190 499 1256 iniuriam
521 1203 555 1255 et
567 1212 667 1255 suum
685 1189 839 1256 dolorem
865 1191 938 1256 eius
964 1193 1132 1281 uoluntati
1156 1220 1195 1261 ac

87 1294 256 1385 precihus
279 1292 464 1359 condonet.
506 1292 759 1373 Dumnorigem
787 1292 828 1357 ad
846 1316 882 1357 se
899 1293 1014 1376 vticat3
1049 1293 1194 1385 fratrem

88 1396 234 1485 adhibet
245 1421 264 1479 3·
281 1393 430 1482 quaein
446 1416 486 1487 eo
505 1392 744 1481 reprehendat,
766 1394 929 1478 ostendit3
947 1417 1034 1482 quae
1051 1398 1193 1485 ipsein-

90 1581 311 1653 synecdochen,
330 1581 437 1630 Terent.
448 1580 519 1631 Eun.
536 1579 570 1636 ΙΙ,
590 1577 616 1637 3,
635 1594 677 1629 20.
696 1580 786 1651 digna
801 1598 855 1639 rea,
879 1580 927 1631 ribi
943 1598 1043 1632 nereos
1059 1584 1193 1636 intendas

92 1666 160 1705 tuoe.
193 1652 296 1717 Vergl.
318 1650 389 1699 Ptin.
406 1650 475 1716 Epp.
492 1648 540 1707 ΙΙΙ,
560 1645 585 1703 6,
604 1664 629 1699 2.
646 1647 780 1719 Itffngit,
806 1667 843 1696 sc.
860 1650 974 1713 signtun,
997 1667 1091 1700 senem
1107 1663 1192 1702 stan-

92 1732 165 1773 tem:
183 1738 267 1778 oasa,
290 1715 419 1775 neueculi,
437 1718 524 1774 nervi,
544 1733 643 1775 venae,
666 1736 756 1786 rugae
779 1718 863 1767 etiem
888 1729 920 1767 ut
944 1719 1079 1785 ipirantis
1096 1738 1190 1787 appa-

93 1800 163 1841 rent.
198 1790 240 1839 Es
256 1788 323 1837 sind
341 1788 398 1835 also
417 1786 540 1837 nerviae
560 1786 613 1834 vicl
630 1786 682 1835 als:
710 1787 854 1849 ligamenta
881 1798 906 1834 et
928 1787 1033 1835 uincula
1052 1790 1192 1838 membro—

96 1856 328 1915 amaleciten,
346 1854 460 1904 Biader.
494 1852 627 1903 Eben'so
652 1854 759 1922 νεῦρον,
790 1853 841 1919 sig.
865 1871 959 1904 nervus
981 1856 1008 1904 in
1037 1874 1113 1916 arcu,
1144 1858 1190 1909 die

96 1926 179 1977 Scitne
198 1926 252 1976 des
271 1926 390 1989 Bogcns.

160 2012 259 2045 amore
270 1989 425 2063 fraterno]
458 1989 523 2038 Hier
539 2006 637 2048 amore,
654 1990 751 2056 pictate
776 1990 806 2039 in
824 1990 940 2041 fratrem.
970 1989 1048 2041 Ebcn
1071 2010 1101 2043 so
1120 1992 1191 2061 dop-

100 2064 230 2129 pelainnig
247 2068 322 2113 wire
344 2076 438 2110 antore
449 2058 564 2126 fratris.
592 2060 699 2109 Noiten.
717 2061 780 2109 Lex.
797 2056 936 2108 Antibaris.
961 2076 988 2124 p.
1010 2060 1084 2127 ²3²7·
1117 2062 1189 2113 Sub-

103 2133 203 2181 stantiva
221 2132 370 2181 effectuum
386 2127 534 2191 significant
552 2129 712 2192 passionem,
740 2145 824 2192 quum
840 2140 934 2191 regunt
949 2128 1091 2191 genitivos:
1120 2135 1185 2191 mei,

105 2201 148 2259 tui,
163 2202 206 2250 sui
215 2236 225 2259 ,
244 2212 312 2256 eta,
330 2197 380 2246 sed
398 2195 543 2261 possessiva
557 2214 646 2265 meus,
667 2207 746 2256 tuus,
764 2214 832 2245 surm
852 2208 899 2244 eto.
918 2197 998 2246 active
1016 2199 1188 2264 explicantur.

109 2268 328 2318 §insubstantiva
348 2266 490 2314 affectuum
507 2264 566 2312 aliis
584 2264 725 2329 iungantur
748 2265 928 2323 substantivis,
961 2283 1027 2329 quae
1054 2285 1109 2317 non
1126 2281 1188 2320 sumt

109 2338 246 2394 denatum,
264 2352 340 2385 nunc
356 2334 447 2388 active,
465 2350 534 2401 ritmo
550 2334 651 2397 passive
671 2346 850 2399 exponuntur,
879 2351 902 2383 v.
920 2349 946 2397 g.
963 2352 1038 2383 amor
1051 2336 1188 2387 Romano-

81 2444 83 2449 .
111 2418 324 2462 attestamur,
362 2401 545 2466 quoRomani
561 2414 664 2460 entant,
693 2403 744 2469 rel¹
760 2414 886 2451 amantur.
928 2403 1016 2452 Ueber
1035 2422 1111 2455 arnor
1129 2404 1187 2456 und

113 2476 205 2523 caritas
219 2484 284 2537 'eagt
302 2473 360 2521 Cic.
378 2471 412 2519 dc
429 2470 515 2535 partit.
536 2482 612 2518 oron:
631 2470 722 2518 caritas
748 2484 787 2520 est
805 2470 940 2527 Decumi,
962 2473 1069 2536 patriae,
1089 2491 1185 2538 percu·-

113 2542 401 2601 tutn3em0riratr1un,
421 2539 573 2600 coniugum,
591 2540 745 2595 liberorum,
769 2539 946 2601 familie-urm
973 2540 1042 2589 ohne
1067 2541 1186 2593 ‹ladurch
1208 2558 1212 2569 ·

117 2606 194 2659 editu
217 2628 251 2660 zu
269 2610 376 2666 haben,
407 2606 465 2655 (lass
486 2609 592 2657 caritas
608 2608 658 2671 aig.
674 2607 774 2657 baisse:
792 2598 839 2656 der
857 2608 930 2657 Grad
947 2624 999 2658 von
1012 2610 1120 2670 Wcrth,
1155 2612 1184 2662 in

118 2678 163 2727 iem
181 2690 260 2729 etwas
278 2678 325 2727 bei
344 2677 399 2725 mir
418 2674 498 2731 steht,
531 2675 574 2723 die
597 2674 779 2735 Tlteuerlret't,
814 2677 990 2733 lVertltteit,
1011 2695 1089 2729 wenu
1109 2679 1183 2728 diese

117 2746 230 2813 licelingc
248 2750 356 2811 gitlten3
392 2746 448 2792 also
466 2744 525 2791 eine
542 2738 726 2810 Eigenscbtdi,
762 2745 806 2793 die
831 2745 886 2807 ich¹
903 2745 951 2794 der
968 2746 1052 2796 Sachc
1070 2748 1183 2812 beilega.

119 2814 176 2865 Anah
192 2817 261 2865 wirtl
278 2815 340 2879 jene
355 2810 634 2876 ErilitrungCicero’s
658 2812 732 2863 nicht
748 2813 845 2861 immet·
870 2830 956 2877 genart
982 2814 1091 2879 botelgt.
1116 2818 1185 2882 Nep.

118 2884 178 2935 tute.
195 2883 267 2942 XVI,
285 2898 311 2933 2.
331 2892 363 2932 ut
381 2898 416 2931 ne
426 2880 525 2950 frater
543 2884 651 2949 quidem
670 2883 698 2931 ei
714 2883 806 2932 carior
816 2882 918 2951 Jeerit.
951 2883 1022 2932 Cura.
1040 2884 1087 2941 ΙΙΙ,
1112 2883 1182 2944 6,1.
1264 2930 1269 2935 .

120 2968 162 3001 ren
177 2962 208 3002 rt
225 2970 323 3022 regem
343 2952 432 3009 tractio,
449 2950 500 2998 sed
518 2953 602 2999 etiem
619 2961 650 2999 ut
666 2949 805 2999 alumnum
823 2951 922 2999 eximia
938 2954 1059 3002 caritate
1077 2953 1182 3023 dilige—

120 3018 162 3071 bat.
193 3020 248 3071 Cic.
268 3020 303 3069 dc
322 3018 410 3068 Amic.
431 3016 456 3068 8.
480 3018 535 3075 und
556 3037 578 3068 n.
594 3036 617 3067 a.
636 3018 670 3069 0.
695 3018 835 3068 vertindet
860 3021 967 3070 caritas
989 3021 1041 3069 mit
1062 3022 1185 3073 benevo-

120 3086 196 3149 tatia,
211 3089 279 3139 euch
300 3104 387 3153 gegen
402 3087 533 3136 Frcmdc..

170 3155 387 3223 existimatione]
422 3156 443 3204 I.
459 3172 481 3205 e.
506 3154 607 3204 iudicio
631 3156 719 3219 vulgi,
751 3153 809 3205 hier
832 3156 970 3221 unstrcitig
995 3155 1023 3206 in
1046 3170 1184 3223 utramque

119 3226 282 3289 putemfflas,
302 3242 357 3276 tvae
376 3242 439 3273 men
456 3242 508 3273 ron
524 3223 582 3272 ihm
598 3224 729 3273 mtlteilen
754 3225 842 3275 werde
868 3225 933 3273 o'der
949 3226 1062 3277 tntichte.
1097 3226 1133 3275 Es
1150 3229 1185 3278 ist

120 3292 178 3343 theiis
195 3294 240 3344 dae
259 3294 422 3347 existimare
438 3292 517 3342 theiis
534 3294 694 3351 existimari,
713 3293 760 3341 auf
776 3294 822 3343 das
839 3290 949 3355 Sutjett
964 3294 1090 3359 beregen.
1114 3296 1182 3361 Nep.

83 3362 87 3369 '
120 3360 181 3413 tete.
196 3362 254 3423 XV,
273 3378 299 3411 2.
316 3378 397 3411 suum
415 3363 646 3411 existimationem
667 3364 697 3409 in
721 3379 757 3411 ea
774 3380 804 3412 re
828 3363 881 3430 ogi
894 3362 1032 3429 putabat,
1057 3365 1075 3412 i.
1096 3382 1119 3412 e.
1141 3366 1183 3413 ia-

121 3446 177 3481 nam
198 3450 229 3481 eo
252 3431 414 3496 dignitatem
430 3446 505 3479 suam
522 3447 603 3495 lienes
628 3430 707 3478 cives.
738 3430 767 3478 Β.
793 3430 823 3480 C.
846 3430 893 3490 ΙΙΙ,
920 3447 942 3479 1.
966 3432 1006 3480 ad
1030 3432 1183 3482 debitorum

78 3518 86 3589 Ι
120 3500 232 3549 tuendam
252 3501 494 3551 existimationem.
529 3498 584 3547 Cic.
602 3498 636 3548 ad
655 3498 722 3551 niv.
733 3498 780 3558 ΙΙΙ,
792 3499 818 3554 4,
836 3514 861 3549 2.
891 3509 968 3548 tuam
992 3500 1059 3549 mil1i
1082 3501 1182 3549 extisti-

78 3606 80 3627 ἰ
120 3570 248 3619 nationem
266 3578 297 3619 et
314 3568 484 3638 dignitatem
498 3568 749 3617 earisarmarneese.
793 3568 862 3619 Ptin.
876 3568 944 3633 Epp.
963 3566 994 3625 V,
1012 3569 1038 3621 5,
1056 3568 1081 3617 5.
1106 3566 1181 3617 hanc
1275 3628 1279 3635 ⁵

78 3636 82 3709 Ἰ
120 3652 166 3685 esse
181 3638 213 3687 de
230 3636 352 3687 moribus
366 3638 434 3686 meis
453 3636 694 3689 existimationem,
711 3652 768 3684 non
786 3636 900 3685 moleste
912 3636 990 3704 sero.
1025 3636 1087 3685 Man
1104 3636 1181 3696 sient,

78 3712 81 3751 t
118 3704 158 3753 nie
173 3724 198 3755 es
213 3705 280 3757 bald
297 3704 441 3767 subjectio,
460 3701 523 3752 bald
540 3703 660 3769 objectio
677 3720 710 3754 zu
726 3704 862 3753 verstchcu
879 3722 933 3769 say.

78 3764 81 3841 ᾗ
170 3773 257 3825 locum
275 3772 428 3840 amicitiae]
465 3771 546 3829 ,Gaui
571 3773 690 3821 (lasseibe
714 3773 758 3821 bei
783 3773 838 3822 cie.
856 3768 1070 3828 etantanto,
1088 3786 1113 3821 2.
1136 3770 1181 3823 Io-

78 3850 81 3855 '
120 3854 173 3901 m,
188 3860 270 3913 quem
288 3839 371 3909 apnd
384 3851 413 3890 te
432 3840 457 3890 ia
473 3850 592 3891 teneret.
633 3840 710 3890 Meto
727 3840 814 3906 Bcisp.
831 3842 875 3889 bei
895 3841 972 3890 Corte
992 3858 1014 3889 n.
1036 3858 1059 3887 a.
1078 3839 1112 3889 0.

78 3914 81 3919 '
170 3909 338 3979 reiIJuincae
357 3909 494 3975 iniuriam]
530 3908 551 3957 Ι.
571 3924 594 3967 c.
611 3910 839 3975 iactamreipubi.
874 3910 909 3958 Es
927 3910 960 3958 ist
978 3908 1024 3955 der
1042 3908 1180 3959 Genitirus

77 3964 81 4015 i
119 3974 205 4039 obiecti,
219 3994 276 4029 von
290 3978 356 4027 dem
372 3974 539 4029 sieheunten
554 3964 737 4045 crffiis‘liep.
763 3979 829 4029 Con.
847 3979 879 4040 V,
896 3993 919 4026 1.
946 3994 1029 4047 quem
1042 3975 1130 4027 otton
1148 3972 1181 4029 se

77 4064 80 4113 j
118 4044 216 4099 iuterim
225 4048 343 4115 patriae
353 4055 478 4113 putaret.
562 4066 566 4071 ·
642 4052 645 4057 '

77 4118 83 4151 ¹.
170 4113 292 4183 adhibet]
327 4114 366 4164 Er
381 4112 451 4163 zieltt
465 4114 518 4163 den
534 4113 635 4171 Brudrr
652 4112 734 4172 dazu,
759 4131 792 4165 zu
811 4112 905 4174 Ratlre,
936 4112 974 4162 als
992 4112 1107 4177 Augen·-
1123 4110 1182 4165 und

77 4180 79 4191 '
118 4176 299 4253 obmmgen.
316 4182 355 4235 So
372 4182 441 4235 steht
457 4182 598 4243 adhibere,
615 4182 643 4235 d.
661 4184 679 4237 i.
701 4183 849 4235 Jernanden
870 4183 921 4232 den
936 4183 1031 4233 Zntritt
1048 4200 1081 4232 zu
1101 4195 1180 4233 etwas

842 4252 897 4323 4*
