2618 4554
158 222 229 284 ne
258 221 405 323 nunu
436 153 586 323 cion
627 222 725 288 ura.
746 188 801 289 iv.
844 222 949 289 oar.
970 186 1028 294 ρο.
1094 228 1159 297 225

68 412 199 458 norum
223 389 411 457 adventum
439 403 640 480 exspectare
669 404 769 480 atquo
793 390 848 460 ibi
871 394 1045 463 decertare
1065 375 1161 467 'eon-

68 493 231 561 stitnisse.
257 493 377 580 Quod
398 492 458 559 ubi
478 494 602 559 Caesar
621 496 799 583 comperit,
838 496 997 562 omnibus
1024 500 1079 566 his
1097 525 1164 568 res

69 597 132 661 bns
152 594 332 674 confectis,
353 616 496 682 quarum
514 617 635 660 rerum
662 618 776 661 caussa
803 596 1022 664 transducere
1042 622 1157 669 exer-

71 699 178 764 citum
200 695 439 775 constituerat,
472 708 512 762 ut
531 695 712 762 Germanis
741 709 873 763 metum
905 697 1081 783 inliceret,
1117 717 1158 771 ut

69 796 271 886 Sigambros
286 797 538 879 ulcisceretur,
573 810 612 862 ut
640 797 749 864 Ubios
776 799 955 865 obsidione
982 801 1157 886 liberaret,

71 900 191 965 diebus
222 899 363 963 omuino
390 898 424 964 X
454 912 488 965 et
514 901 600 967 VIII
635 913 727 965 trans
761 899 921 981 Rhenum
959 906 1157 987 consumtis,

71 1002 150 1066 satis
177 1015 214 1068 et
242 1002 284 1067 ad
302 999 435 1064 laudem
467 1012 500 1065 et
519 1000 560 1065 ad
582 1001 763 1068 utilitatem
780 1000 978 1089 profectum
1006 1004 1157 1072 arbitra-

58 1118 134 1179 ¹tus,
153 1125 192 1168 se
212 1103 250 1168 in
272 1102 419 1168 Galliam
440 1101 571 1189 recepit
588 1115 798 1190 pontemque
817 1101 967 1172 rescidit.

116 1207 204 1273 Car.
226 1204 306 1271 XX.
348 1202 486 1288 Exigua
506 1216 605 1290 parte
629 1203 760 1268 aestatis
780 1203 925 1290 reliqua,
946 1205 1081 1290 Caesar,
1095 1196 1158 1276 et·
1206 1256 1207 1263 κ

70 1310 99 1375 si
120 1308 159 1373 in
179 1307 234 1371 his
252 1306 345 1387 locis,
363 1305 451 1391 quod
473 1305 585 1370 omnis
602 1303 714 1370 Gallia
729 1306 771 1370 ad
792 1306 1052 1393 septemtriones
1073 1334 1157 1377 ver-

70 1411 132 1499 git,
152 1422 308 1476 maturae
328 1419 408 1472 sunt
426 1405 574 1487 hiemes,
600 1408 716 1475 tamen
742 1407 781 1472 in
800 1407 1014 1474 Britanniam
1041 1413 1156 1496 profi-

70 1512 155 1578 cisci
169 1509 360 1593 contendit,
380 1507 470 1594 quod
505 1503 665 1573 omnibus
695 1507 770 1574 fere
801 1506 943 1574 Gallicis
973 1509 1070 1577 bellis
1087 1513 1159 1578 hoa

70 1614 179 1689 stibus
198 1609 333 1697 ,nostris
362 1610 446 1675 inde
476 1609 730 1675 subministrata
762 1609 893 1674 auxilia
926 1609 1174 1702 intelligebatz-
1257 1699 1260 1704 Ι

71 1729 126 1798 et,
164 1713 194 1779 si
219 1724 356 1800 tempus
386 1709 468 1775 anni
486 1709 528 1775 ad
547 1710 677 1777 bellum
697 1711 885 1798 gerendum
905 1710 1076 1794 deficeret,
1097 1729 1157 1782 ta-
1185 1721 1189 1729 “

69 1838 155 1899 men
175 1836 301 1903 magno
322 1813 385 1878 sibi
405 1811 484 1879 usui
503 1811 579 1877 fore
598 1812 845 1892 arbitrabatur,
880 1811 910 1878 si
934 1813 1036 1880 modo
1053 1816 1156 1887 insu·

70 1921 143 1987 lam
158 1916 298 2001 adisset,
316 1937 420 2005 genus
440 1912 624 1980 bominum
644 1913 886 2003 perspexisset,
914 1915 999 1996 loca,
1021 1932 1156 2004 portus,
1239 1984 1244 1989 .

69 2021 182 2088 aditus
202 2018 432 2106 cognqissets
454 2038 539 2104 quae
558 2016 674 2082 omnia
697 2015 772 2081 fere
790 2014 899 2083 Gallis
917 2030 1014 2083 erant
1033 2018 1156 2109 incog-

70 2185 222 2259 p.142.ff.
239 2181 665 2252 errrogeneEigenthiimliclibcit
682 2184 710 2234 in
728 2184 776 2235 der
792 2183 961 2237 Declination
985 2185 1092 2241 molirer
1111 2191 1154 2242 ei·
1233 2232 1235 2237 .

71 2278 137 2312 nem
154 2256 319 2309 substantive
337 2256 503 2320 bcigclegteu
520 2251 667 2321 Adjcluive.
698 2254 791 2319 Vergl.
806 2266 888 2304 unten
905 2255 938 2317 V,
955 2255 981 2307 5.
1109 2314 1111 2317 ,

140 2325 266 2379 ommbus
284 2325 366 2376 rebus
383 2323 467 2392 confi]
501 2320 562 2374 wir
578 2320 684 2381 kiinnen
699 2340 758 2380 uns,
774 2323 931 2387 ungeaeluce
947 2324 994 2374 der
1009 2323 1154 2377 versiche-

70 2413 141 2462 rung
155 2412 248 2445 unsers
265 2393 376 2449 Hdden,
390 2393 490 2458 cinIgcs
508 2392 632 2442 Zueisols
649 2408 683 2441 on
701 2391 749 2442 der
764 2390 903 2442 Wahrhcit
918 2393 1003 2442 seinos
1018 2393 1160 2457 Gestindffl

71 2466 172 2523 nissen,
197 2463 272 2512 nicht
289 2462 435 2522 cru-chron,
460 2478 507 2510 um
524 2477 554 2510 so
571 2461 704 2524 weniger,
727 2459 761 2510 da
778 2459 845 2511 auch
863 2460 909 2520 VI,
927 2477 970 2529 29.
984 2461 1030 2511 'dic
1047 2462 1153 2531 yvone:

69 2534 197 2602 mopiam
213 2531 355 2604 frumenti
375 2532 534 2581 ueritus-
555 2520 713 2579 termuthen'
734 2530 836 2589 lassen,
865 2528 924 2578 dass
949 2546 978 2579 er
993 2529 1062 2580 ohne
1079 2532 1155 2582 illese

69 2603 241 2668 licant-guiss,
271 2601 364 2664 gewiss
385 2599 477 2648 weiter
499 2598 701 2662 vorgedrungeu
728 2615 793 2664 seyn
818 2597 925 2661 wiirde3
957 2598 1076 2649 obscbon
1096 2601 1160 2657 nio,
1218 2644 1222 2651 ,
1282 2648 1285 2659 ,

72 2671 146 2722 Cass.
162 2670 219 2725 XL,
237 2669 288 2726 52„
305 2665 422 2718 welcher
440 2667 514 2717 Caes.
530 2666 638 2717 Furclst
652 2684 703 2718 vor
721 2666 776 2716 den
796 2668 906 2716 Sueven
923 2667 960 2717 als
977 2667 1092 2718 Ureache
1111 2686 1155 2719 er·

70 2739 176 2798 stabnt,
202 2734 298 2787 lcinen
314 2736 436 2786 Glauben
449 2736 577 2786 verdicnt.
614 2733 706 2785 Allein
727 2731 1062 2800 rotigigerlBriicltcnbam
1096 2738 1156 2801 und

70 2825 123 2858 nur
142 2807 277 2872 18tiigiger
291 2804 444 2855 Aufentlralt
460 2805 488 2854 in
507 2803 571 2853 dem
595 2802 759 2854 ieindlichen
778 2802 886 2871 Laude,
917 2804 974 2854 und
997 2805 1097 2855 nichte-
1114 2809 1155 2859 ale

71 2878 248 2939 Verwiistung
266 2875 313 2925 dc'r
331 2876 428 2924 Fluren
446 2871 529 2924 durch
546 2873 631 2923 Fener
646 2871 702 2923 und
720 2871 847 2933 Scltwert,
860 2900 898 2912 -
911 2872 972 2923 eind
992 2872 1063 2925 doch
1077 2875 1154 2926 eines

71 2944 156 2996 durch
174 2944 337 2996 Ilulnnsucbt
358 2942 414 2991 und
435 2942 513 2993 cellen
535 2941 608 2992 Stolz
629 2944 809 2991 entilammten
830 2941 934 2991 Gcistee
958 2940 1083 2993 ziemliob
1100 2961 1155 2995 nn-

71 3013 195 3079 wiirdige
209 3012 320 3062 Thaten.
352 3011 473 3061 Plutarch
487 3008 535 3061 bat
556 3011 585 3061 in
610 3008 697 3075 dieser
723 3009 806 3060 Stella
829 3027 887 3077 cop.
911 3009 954 3061 23·
975 3009 1082 3079 Capsam
1099 3013 1154 3063 Be·
1222 3020 1227 3030 ‘

70 3080 155 3139 ricbte
172 3083 224 3131 fast
240 3076 420 3130 buchslnblich
437 3078 612 3128 beibebnlten.
1097 3106 1101 3113 .
1183 3080 1189 3099 ⁰

108 3161 309 3220 ..pontemque
326 3149 451 3216 rescidit]
465 3149 496 3197 In
511 3148 600 3197 einem
617 3145 687 3197 Cods
701 3145 835 3208 rescindit,
854 3162 902 3196 zur
917 3146 1086 3214 Restitigung
1106 3148 1155 3200 dee
1182 3156 1191 3197 ¹.
1211 3200 1213 3205 ,

69 3218 275 3272 Untersclriedes
290 3217 421 3268 zwisalten
437 3217 561 3268 recidere
580 3215 636 3266 und
660 3216 826 3271 rescindere.
861 3214 955 3267 Davon
973 3230 1028 3269 unt.
1046 3218 1092 3279 Vt,
1109 3233 1153 3286 29.

139 3288 205 3354 Cap.
228 3286 288 3336 XX.
320 3296 404 3354 parte
421 3312 456 3324 --
472 3283 591 3355 reliqua]
629 3283 692 3333 Man
709 3279 806 3333 kb'nnte
829 3283 937 3349 stegen:
969 3286 1004 3336 ob
1028 3285 1088 3336 bier
1104 3286 1154 3336 der

70 3358 159 3409 blosse
175 3357 283 3407 Ablativ
298 3355 344 3405 des
359 3353 598 3411 'beitrerhitltnisses
617 3351 734 3416 gcrneint
748 3368 803 3418 sey,
826 3351 893 3402 odcr
908 3352 943 3402 ob
960 3353 1070 3424 reliqua
1091 3366 1156 3404 stuta
1211 3355 1224 3421 f

69 3425 180 3486 relicta,
200 3426 229 3473 ln
246 3426 328 3485 Form
352 3423 408 3473 und
431 3423 585 3484 Bedeutung
608 3422 657 3470 der
677 3419 766 3472 Ablat.
789 3420 872 3470 absol.
896 3439 930 3472 zu
952 3422 1067 3473 nehmen
1088 3419 1154 3488 sepi

69 3494 150 3546 Dices
166 3495 274 3544 letztere
293 3495 326 3541 ist
339 3493 457 3541 alleabar
473 3490 521 3540 der
537 3492 596 3540 Fall
611 3489 679 3537 bier·
703 3489 783 3539 Denu
802 3487 836 3556 1.)
854 3490 920 3554 liegt
937 3490 965 3539 in
983 3491 1047 3543 dem
1061 3489 1152 3541 Ablat.

69 3564 155 3615 absol.
174 3562 236 3612 sehr
252 3563 291 3610 ost
309 3560 375 3610 auch
395 3562 453 3610 eine
473 3559 600 3625 particula
614 3557 776 3620 concessivu3
792 3556 865 3607 hier:
882 3575 1043 3624 quamquam
1059 3559 1154 3624 exigua

68 3633 230 3709 modopars
249 3626 395 3695 supcrc‘rut3
428 3626 465 3694 2.)
481 3629 573 3678 weiset
594 3627 675 3676 selbst
699 3626 743 3675 die
768 3628 960 3692 Wortsteliung
985 3627 1080 3677 darauf
1095 3626 1154 3685 hin,

70 3700 290 3767 indam-reliqua
303 3701 398 3749 zuletzt
421 3698 523 3763 gestellt
545 3696 591 3759 ist3
632 3692 671 3761 b.)
696 3695 803 3746 werden
825 3694 893 3745 auch
915 3694 1001 3759 dergl.
1024 3695 1154 3761 adiectiva

68 3769 185 3820 verbalia
203 3769 265 3818 sehr
279 3767 365 3831 hitulig
383 3766 434 3817 wie
452 3766 495 3815 dic
512 3762 679 3815 verwandteu
694 3763 825 3832 Participe
842 3763 999 3828 gebraucht3
1015 3781 1038 3814 a.
1054 3765 1082 3813 B.
1098 3782 1156 3829 un-¹

68 3850 115 3891 ten
134 3850 192 3904 cap.
208 3836 252 3886 26.
272 3836 346 3885 notis
367 3834 491 3885 omnibus
507 3835 596 3889 vadia.
613 3832 670 3882 und
688 3851 744 3899 cap.
758 3833 801 3884 54.
821 3831 863 3883 56.
898 3832 983 3881 Dabci
1007 3833 1041 3885 ist
1054 3830 1152 3895 jedocb

67 3907 145 3957 nicht
160 3924 194 3955 zu
211 3903 366 3962 iibmsehrn,
384 3903 443 3952 (lass
460 3920 512 3951 von
529 3895 772 3966 de1·gl.Adiectivis
788 3900 937 3953 verbalibus
956 3897 1075 3950 dasselbe
1093 3902 1154 3967 gila,

68 3992 125 4027 was
142 3976 222 4026 Wolf
234 3993 268 4022 zu
285 3973 357 4022 Suet.
374 3972 448 4021 Caes.
466 3987 509 4021 20.
529 3989 555 4036 p.
573 3984 615 4036 27.
631 3969 764 4027 bomerlt:
794 3974 826 4025 ln
846 3964 1012 4036 deplorante
1031 3969 1153 4021 observes

68 4044 240 4112 panIcipium
257 4042 296 4091 rei
315 4041 433 4101 infectae,
453 4040 673 4103 significationem
688 4039 788 4088 habens
804 4038 945 4103 perlectae,
962 4054 1011 4090 usu
1027 4037 1091 4089 iude
1106 4056 1152 4090 or-

68 4127 106 4177 to,
124 4112 197 4179 quod
214 4111 303 4161 Latini
320 4109 416 4158 talibus
434 4109 580 4177 participiis
597 4118 686 4156 carent
708 4108 736 4156 in
755 4106 842 4157 verbis
861 4105 960 4155 nciliis.
1151 4142 1154 4151 .
1182 4150 1185 4157 ,

136 4198 210 4254 quae
229 4177 410 4249 omniafere]
448 4175 572 4231 Welches
589 4175 663 4226 Aliso
681 4176 710 4225 in
727 4175 776 4225 dcr
789 4175 887 4243 Regel;
920 4173 986 4225 oder
1003 4174 1068 4242 inan
1082 4171 1156 4226 kann
1227 4234 1235 4249 =

1144 4360 1161 4395 ἱ
