2618 4554
1227 99 1236 120 κ

1151 131 1157 167 I

181 205 251 268 nr
278 185 799 306 renuntientur,
827 146 947 273 sscsr.
967 192 1023 277 ut
1092 208 1159 294 su

66 375 203 443 tanntn
225 392 290 463 pro
312 370 472 460 hospitio,
489 383 529 439 ut
550 393 633 437 suae
661 393 700 441 ao
719 369 871 439 militurn
891 371 1001 443 ‚saluti
1033 388 1160 453 consu.

64 477 137 546 lat:
152 486 315 564 magnam
335 496 476 541 manum
496 455 754 541 Germanorum
774 474 974 547 conductam
995 464 1159 549 Rhenuiu

64 578 249 660 transisse3
270 577 359 642 hanc
380 575 500 643 adfore
521 576 636 643 biduo.
687 576 848 664 Ipsorum
870 599 946 642 esrev
964 579 1159 663 consilium,

56 680 223 753 -velintne
238 681 346 768 prins,
368 702 471 766 quam
497 678 636 753 finitimi
663 679 828 758 sentiant,
863 679 1001 744 eductos
1030 703 1075 747 ex
1100 681 1161 751 his

66 781 186 850 bernis
208 782 332 849 milites
352 782 473 848 autad
492 783 696 848 Ciceronem
722 794 781 847 aut
808 779 856 849 ad·
876 780 1067 853 Labienum
1097 773 1160 848 de-

67 886 208 966 ducere,
229 908 375 970 quornm
399 888 483 951 alter
512 883 607 951 milia
632 904 792 970 passuum
822 880 959 965 circiter
989 883 1038 963 L,
1072 884 1159 955 alter
1217 957 1237 982 Γ

65 987 193 1075 paullo
215 984 362 1073 amplius
382 987 424 1051 ab
446 986 615 1052 his-absit.
659 983 751 1079 Illud
770 1006 807 1049 se
824 983 985 1071 polliceri
1007 997 1041 1049 et
1060 985 1161 1053 iure-

64 1085 215 1156 iurando
233 1089 450 1167 confirmare,
465 1099 586 1179 tutum
604 1085 671 1152 iter
691 1109 756 1174 per
768 1085 955 1151 finessuos
976 1085 1160 1171 daturums
1235 1088 1237 1096 ’

64 1189 162 1278 qnod
181 1214 287 1278 quum
309 1191 427 1273 faciat,
451 1199 486 1254 et
512 1188 657 1255 civitati·
670 1192 743 1254 sese
769 1187 963 1266 consulere,
987 1190 1078 1276 qnod
1097 1190 1162 1265 tsi-

67 1291 187 1359 bernis
206 1293 361 1374 levetur,
386 1306 420 1359 et
437 1291 575 1358 Caesari
591 1313 656 1378 pro
682 1289 756 1355 eius
777 1289 911 1355 meritis
934 1292 1078 1376 gratiam
1099 1282 1162 1363 re·

67 1394 178 1462 ferre.-
218 1396 291 1461 Hac
312 1394 468 1463 oratione
490 1392 614 1472 habita,
636 1391 779 1458 discedit
798 1390 998 1458 Ambiorix.
1066 1407 1069 1411 '

108 1498 200 1567 CAP.
219 1488 386 1565 XXVIII.
428 1495 617 1586 Arpineius
640 1509 675 1562 et
700 1493 832 1575 Iunius,
856 1516 943 1585 quae
962 1476 1159 1580 andierunt,
1226 1500 1229 1507 ’

67 1600 112 1664 ad
131 1600 260 1686 legatos
280 1595 447 1662 deferunt
491 1598 559 1680 Illi,
586 1596 768 1686 repentina
787 1618 828 1663 re
848 1597 1061 1685 perturbati,
1094 1601 1159 1668 etsi

67 1702 110 1767 ab
130 1701 231 1775 hoste
252 1722 293 1765 ea
313 1699 533 1779 dicebantur,
568 1722 642 1780 non
668 1702 785 1765 tamen
813 1699 1015 1786 negligenda
1036 1702 1175 1769 existi*
1251 1764 1257 1773 .

69 1803 229 1870 mebant:
251 1804 473 1891 maximeque
499 1801 565 1867 hac
584 1822 624 1866 re
642 1790 952 1889 permovebanttir,
975 1800 1079 1886 quod,
1105 1796 1169 1869 ci-'
1271 1797 1288 1867 s

68 1906 212 1975 vitatem
231 1904 420 1992 ignobilem
441 1914 542 1990 atque
559 1903 726 1970 humilem
746 1903 949 1969 Eburonum
969 1924 1029 1967 sua
1044 1927 1160 1991 spon-
1227 1918 1231 1929 ⁶

68 2020 103 2075 te
123 2007 256 2097 populo
276 2002 431 2074 Romano
453 2006 590 2073 bellum
613 2003 726 2069 facere
745 2026 879 2084 ausam,
908 2004 971 2069 vix
991 2019 1064 2072 erat
1080 2029 1159 2074 cre·-

69 2109 233 2177 dandum.
275 2111 394 2196 Itaque
412 2107 454 2195 ad
485 2107 670 2173 consilinm
695 2128 785 2197 rem⁴
802 2104 980 2183 deferunt,
1014 2128 1159 2195 magnn-
1234 2174 1235 2179 ,

61 2204 138 2300 ‘que
157 2210 259 2293 ¹inter
288 2234 344 2276 eos
375 2209 508 2276 exsistit
541 2208 782 2281 controversia.
832 2206 873 2272 L.
902 2198 1200 2279 Aurunculeius*

17 2374 20 2379 .
69 2313 335 2401 compluresque
354 2312 487 2383 tribuni
504 2302 685 2392 militum,
715 2322 749 2376 et
771 2308 968 2398 primorum
993 2311 1159 2383 ordinum

70 2415 297 2496 centuriones,
317 2414 406 2481 nihil
424 2428 555 2480 temere
574 2405 756 2498 agendum,
786 2433 898 2497 neque
928 2434 973 2478 ex
1001 2410 1159 2484 hibernis

69 2515 205 2581 iniussu
220 2515 374 2581 Caesaris
396 2515 651 2593 discedendum,
676 2500 935 2608 existimabant:
963 2516 1164 2603 quantasvis·

69 2638 210 2705 magnas
231 2616 336 2683 etiam
356 2618 472 2707 copias
493 2615 748 2685 Germanorum
768 2615 930 2684 sustineri
956 2638 1056 2706 posse
1077 2640 1159 2684 mua
1250 2658 1253 2663 «

69 2801 126 2855 und
142 2803 298 2863 Bleibende,
314 2803 362 2854 aus
376 2802 425 2854 der
441 2803 542 2857 andern
566 2802 613 2855 das
632 2800 801 2868 Bewegliche
825 2801 882 2855 und
904 2802 1041 2856 Fallende.
1074 2804 1157 2856 Dicte

69 2872 287 2940 psychologische
307 2874 520 2939 Metamorphose
537 2891 609 2929 muss
623 2890 686 2923 man
700 2871 845 2932 beschten,
871 2890 950 2924 wenn
968 2872 1160 2925 Schriftstellci·

70 2942 321 2992 ans⁴verschiednen
340 2943 483 2991 Zeitaltern
507 2945 613 3007 gelesen
636 2941 752 2993 werden.
790 2942 835 2990 Sic
862 2941 924 2991 sind
942 2943 1157 2994 oftmoralische

68 3010 125 3061 nnd
142 3012 283 3077 politische
301 3011 449 3078 Propheten
474 3012 511 3075 in,
521 3011 585 3061 dem
606 3009 850 3077 cigenthiimlichen
869 3010 985 3060 Colorite
1010 3011 1057 3062 der
1074 3004 1173 3064 Wo'r-¹

70 3091 117 3131 ter.
151 3081 219 3130 Ein'e
239 3079 361 3130 shnlicte
380 3080 736 3146 ‹loppclziingigeDentung
760 3080 828 3145 liegt
850 3078 878 3130 in
898 3068 1026 3131 unrermt'
1050 3088 1156 3155 antge-
1214 3108 1218 3140 ι
1243 3136 1248 3151 ι

66 3148 259 3220 genkommem
276 3148 494 3200 zuvorkommcn.
1091 3170 1094 3175 ·
1155 3163 1158 3167 ·

105 3237 111 3247 ¹
138 3217 203 3284 Cep.
218 3217 339 3268 XXVIII.
375 3216 504 3284 exsistit]
526 3218 549 3267 I.
566 3232 589 3264 e.-
607 3216 736 3276 exoritur,
755 3215 886 3278 cooritur,
903 3214 983 3267 siche
1002 3215 1047 3276 VI,
1066 3214 1091 3268 5.
1110 3215 1165 3269 26.-

69 3284 123 3337 Das
141 3287 282 3353 physische
303 3286 367 3336 oder
392 3285 550 3335 moralischs
568 3288 789 3345 Hervortreten,
820 3285 877 3335 siclt
896 3287 1011 3351 Zeigcn,
1041 3286 1098 3336 und
1122 3304 1160 3335 eo>

70 3354 138 3421 ipso,
155 3355 202 3405 das
220 3357 306 3423 Seyn,
324 3357 362 3405 als
379 3353 623 3425 Ersclrer'nungin
641 3353 689 3404 der
705 3355 774 3414 Zeit,
790 3355 861 3406 wir'd
875 3354 958 3406 durch
977 3357 1072 3407 exerit.
1092 3367 1157 3406 ans*-

69 3421 213 3488 gedriicltt3
229 3427 274 3474 nie
293 3425 356 3474 aber
374 3422 613 3489 gleichbedeutend
628 3424 679 3472 mit
695 3441 776 3482 esse5
802 3422 866 3472 elrer
881 3424 933 3474 mit
941 3416 1018 3489 fiiri.
1044 3422 1100 3475 Cic.
1120 3422 1156 3474 ad

67 3490 130 3543 niv.
146 3492 209 3553 Vll,
225 3509 251 3550 2,
269 3493 294 3544 3.
311 3506 413 3543 tantum
429 3492 548 3543 studium
565 3488 699 3541 bonorum
717 3493 746 3542 in
763 3507 809 3541 me
826 3494 996 3549 exstitissess-
1006 3509 1055 3558 pro
1072 3491 1156 3543 Arch'·

68 3576 126 3628 cap.
144 3578 169 3629 7.
184 3563 243 3612 inte
260 3563 319 3612 Nat.
336 3562 418 3612 Dror.
447 3562 481 3623 II,
500 3577 526 3614 2.
549 3561 712 3625 religionum
740 3562 887 3612 sanctitates
906 3563 1031 3611 exsistunt
1048 3562 1077 3612 in
1095 3562 1153 3612 dien
1186 3580 1190 3587 ·
1220 3598 1224 3609 .

68 3632 182 3681 maiores
196 3644 272 3695 atque
290 3632 423 3681 meliores.
438 3630 511 3680 Suet.
529 3631 588 3681 Oct.
607 3647 664 3697 cap.
678 3631 721 3680 32.
739 3630 768 3680 Β.
787 3629 816 3680 C.
835 3631 882 3688 ΙΙΙ,
902 3629 959 3682 104.
976 3631 1066 3696 vergi.
1081 3629 1153 3682 Ges·
1250 3648 1252 3653 ⁴

68 3715 117 3751 uer
132 3716 166 3749 ιιι
183 3699 253 3751 Ptin.
268 3700 338 3766 Epp.
355 3701 400 3759 tv,
418 3715 442 3761 2,
460 3715 486 3750 ι.
515 3699 650 3749 Burmann
671 3716 704 3751 zu
723 3698 882 3750 Ouid-Met.
899 3698 934 3759 II,
951 3696 1012 3780 atil.
1154 3700 1160 3711 ¹
1219 3753 1222 3756 ,

67 3767 808 3904 ...mtt“ti⁰ttttt”tr}ttls.ltl¹²„ttttgittt
832 3766 1159 3906 itt...¹}t{‘t.ll.‘t.3·
1281 3804 1287 3817 ‘

68 3902 131 3957 dci.
149 3920 233 3971 grone,
255 3924 284 3955 so
300 3908 360 3968 viel,
380 3909 407 3956 in
425 3906 555 3957 walchem
573 3907 704 3970 Umfange
724 3907 760 3957 du
776 3907 866 3958 willst.
882 3906 951 3956 Plin.
968 3874 1089 3974 npp.1i,
1110 3906 1153 3971 ιδ,

70 3990 111 4026 ιο.
137 3986 274 4045 quantum
300 3975 495 4044 amplissimum
513 3985 607 4044 potes.
632 3976 690 4026 Liv.
709 3975 806 4038 XLIV,
831 3990 874 4042 27.
900 3984 1009 4044 quanta
1031 3976 1152 4028 maxima

66 4045 185 4111 praeda.
220 4044 354 4094 Aehnlich
373 4045 407 4094 ist
423 4044 471 4093 der
489 4045 629 4094 Gebrauch
657 4061 709 4094 von
723 4043 788 4111 ὅοος
809 4043 853 4093 bei
875 4043 1064 4095 Zahlwo'rtern.
1081 4061 1106 4093 z.
1122 4045 1155 4096 Bt·

66 4114 176 4169 πλεῖστα
193 4111 252 4165 ὅσα,
265 4112 359 4177 ‘vigea
376 4130 404 4180 p.
424 4111 481 4167 128.
497 4132 532 4155 *-
548 4113 624 4166 Eben
639 4130 671 4165 ιο
687 4125 745 4182 sagr
761 4128 840 4165 man:
853 4114 962 4167 minime
978 4110 1066 4166 multi.
1081 4129 1105 4166 z.
1122 4113 1153 4163 B.

67 4181 393 4235 recursantium.
717 4198 719 4203 ·
1053 4187 1063 4221 1'
1157 4196 1161 4202 ·
