2618 4554
71 214 79 227 ,
174 130 270 264 osc
488 184 668 259 canu
711 185 964 263 sensatus
1188 270 1194 285 ,

117 382 120 391 .
176 383 249 429 non
260 359 414 438 auderet,
439 354 560 445 quinto
573 352 629 421 die
642 351 684 419 ad
706 352 887 425 Caesarem
911 357 1100 428 revertitur
1107 386 1121 445 3
1157 383 1269 450 quaea

106 468 110 483 ¹
141 535 143 540 ,
177 462 309 552 queibi
323 457 568 562 perspexisset,
587 454 778 543 renunciat.
1030 463 1037 474 “
1187 522 1190 527 ,

209 563 308 639 ,Cen
326 558 452 653 XXIJ.¹
469 557 630 653 ¹Dunrin
645 556 797 625 hisdocis
821 558 945 627 Caesar
967 561 1108 629 navium
1133 584 1288 652 paren-¹

171 667 298 737 ‘detrun
311 686 428 731 caussa
443 670 620 744 moratur,
658 681 704 726 ex
726 683 850 748 magua
872 675 968 750 parte
986 665 1209 732 Morinorum
1223 666 1267 734 ad

179 792 259 836 eum
272 766 374 854 legati
393 776 571 843 venerunt,
602 762 662 850 qui
680 783 720 829 se.
733 761 774 827 de
785 763 976 851 superioris
996 768 1163 856 temporis
1179 790 1267 835 con-

70 900 73 905 ·
116 945 119 951 ,
178 871 256 937 silio
272 879 484 948 excusarent,
512 863 779 952 quodhomine's
799 862 936 929 barbari
956 879 990 945 et
1012 882 1149 935 nostrae
1176 894 1266 936 con-

178 967 367 1038 suetudinis
380 967 533 1056 imperiti
548 964 679 1032 bellum
700 964 831 1055 populo
845 964 1000 1032 Romano
1016 967 1188 1051 fecissent,
1209 994 1267 1036 se-

180 1093 246 1160 que
260 1093 317 1150 ea,
355 1088 440 1154 quae
461 1067 682 1157 imperasset,
716 1065 865 1163 facturos
887 1067 1145 1154 pollicerentur.
1186 1071 1266 1138 Hoc

179 1172 246 1241 sibi
268 1169 349 1237 satis
373 1166 568 1257 opportune
593 1168 718 1235 Caesar
747 1169 1130 1255 accidissearbitratus,
1168 1173 1265 1260 quod

99 1341 104 1355 ,
131 1306 135 1325 ¹
160 1272 291 1360 ,sieque
315 1282 393 1365 post
413 1281 548 1357 tergum
568 1268 701 1337 hostem
728 1271 926 1358 relinquere
955 1272 1110 1357 volebat,
1151 1295 1265 1360 neque

179 1375 261 1441 belli
280 1369 422 1460 gerendi
445 1384 590 1458 propter
609 1370 694 1449 anni
716 1382 853 1460 tempus
875 1371 1070 1439 facultatem
1104 1373 1265 1460 habebat,

178 1498 295 1563 neque
319 1472 379 1537 has
400 1471 612 1549 tantularum
635 1495 754 1549 rerum
774 1474 1014 1562 occupationes
1036 1473 1102 1540 sibi
1123 1477 1264 1545 Britan-

88 1578 91 1591 '
178 1578 258 1647 niae
272 1552 522 1662 anteponendas
533 1573 724 1656 iudicabat,
757 1577 920 1665 maguum
943 1574 998 1641 his
1018 1575 1178 1652 obsidum
1195 1601 1266 1643 nu·-

177 1699 317 1747 merum
331 1675 490 1763 imperat.
528 1673 668 1762 'Quibus
685 1675 850 1756 adductis,
868 1697 929 1743 cos
942 1675 982 1743 in
998 1677 1102 1745 fidem
1118 1681 1264 1768 recepit.

164 1778 328 1863 'Navibus
342 1775 484 1843 circiter
503 1775 639 1868 LXXX
664 1775 830 1842 onerariis
851 1774 979 1842 coactis
999 1780 1264 1869 contractisque,

181 1891 263 1968 quot
277 1875 355 1942 satis
372 1898 443 1941 esse
457 1877 501 1960 ad
516 1878 600 1943 duas
619 1876 892 1965 transportandas
916 1877 1065 1967 legiones
1084 1881 1266 1953 existima-

70 2032 73 2039 ,
179 1982 248 2063 bar,
261 1964 424 2067 quidquid
441 1991 620 2067 praeterea
633 1979 776 2045 navium
789 1978 969 2065 longarum
983 1981 1141 2064 habebat,
1157 1973 1264 2070 quaess

180 2081 285 2162 stori,
318 2079 436 2171 legatis
458 2079 705 2167 praefectisque
725 2079 910 2146 distribuit
960 2068 1035 2147 Huc
1059 2086 1266 2155 accedebant

181 2170 307 2273 XVIII*
322 2176 500 2246 onerariae
524 2203 648 2262 naves,
688 2203 774 2269 quae
801 2202 846 2247 ex
877 2204 918 2246 eo
941 2182 1018 2248 loco
1049 2175 1091 2250 ab
1122 2187 1264 2255 milibus

179 2306 341 2377 passuum
357 2280 558 2352 Vlll'vento
575 2281 789 2362 tenebantur,
816 2303 884 2368 quo
900 2282 1014 2349 minus
1040 2285 1079 2350 in
1101 2288 1264 2355 eumdem

82 2375 85 2383 ’
179 2401 318 2477 portum
332 2384 516 2476 pervenire
530 2398 678 2472 possent·
721 2382 790 2451 Has
807 2383 973 2470 equitibus
989 2386 1181 2472 distribuit3
1200 2414 1261 2456 re-

117 2573 121 2576 ·
178 2483 314 2576 liquuln
328 2485 517 2552 exercitum
534 2485 581 2571 Q.
598 2483 733 2550 Titurio
757 2483 880 2550 Sabino
907 2499 940 2552 et
961 2487 999 2553 L.
1022 2487 1262 2558 Aurunculeio

87 2592 90 2601 '
110 2589 113 2598 ¹
179 2590 311 2671 Cottae,
330 2587 459 2675 legatis,
478 2586 516 2652 in
532 2585 712 2674 Menapios
724 2597 824 2671 atque
838 2585 877 2650 in
889 2610 944 2652 eos
972 2610 1077 2676 pagos
1100 2592 1261 2658 Morino-

171 2715 270 2773 rum,
291 2690 332 2756 ab
351 2688 476 2776 quibus
491 2686 533 2752 ad
549 2709 630 2752 eum
654 2686 755 2773 legati
779 2708 849 2749 non
873 2703 1055 2770 venerant,'
1091 2691 1261 2759 deducen-

179 2793 262 2865 dum
286 2790 387 2858 dedit.
443 2788 483 2856 P·
509 2788 697 2876 sulpitium
727 2788 877 2866 Rufum,
921 2791 1090 2878 legatum,
1123 2817 1205 2859 cum
1222 2818 1261 2860 eo

249 2977 313 3045 Cap.
329 2941 426 3028 XXII.¹
447 2975 519 3026 satis
536 2973 703 3043 opportune]
746 2974 809 3025 Man
828 2975 995 3027 verwechsle·
1015 2976 1084 3029 diess
1101 2978 1178 3033 nicht
1199 2981 1259 3031 mit:

118 3058 122 3066 '
182 3047 419 3115 opportunissime3
437 3045 509 3095 satis
527 3044 573 3093 ist:
591 3061 647 3123 nep
658 3061 768 3121 puarurn.
793 3045 851 3094 eine
869 3046 990 3104 Formel,
1026 3045 1070 3096 die
1090 3048 1186 3099 Caesar
1201 3050 1260 3103 selrr

113 3182 117 3193 ⁹
180 3117 254 3175 liebt,
271 3133 321 3169 uni¹
335 3111 456 3179 zugleieh
472 3113 528 3163 sein
543 3111 648 3175 Urtberl
664 3129 697 3162 zu
715 3112 841 3163 mildcrn.
876 3113 966 3179 Vergl.
983 3113 1090 3176 111,.18.
1116 3122 1119 3127 '

145 3212 148 3219 '
250 3198 414 3266 contractis]
452 3198 513 3248 Wie
531 3197 616 3248 ‹lleses
633 3215 812 3268 transegere,
837 3198 863 3249 d.
881 3200 900 3252 i.
917 3199 1077 3266 iiberlraupt:
1094 3201 1259 3270 aulbringen,¹

120 3316 123 3322 .
183 3268 323 3328 suniam,
342 3269 392 3316 mit
409 3265 478 3316 Giite
496 3267 561 3316 oder
579 3267 689 3333 Gewalt,
712 3283 735 3313 z·
755 3267 784 3315 B.
800 3267 833 3328 V„
856 3269 884 3324 3.
911 3271 1066 3338 equitatum
1086 3273 1259 3337 peditatum·

97 3338 100 3345 '
182 3357 235 3408 que
254 3355 363 3408 cogere,
381 3363 415 3373 —
431 3335 602 3384 verschieden
619 3352 672 3401 sey,
691 3333 793 3384 scheint
808 3355 852 3386 aus
873 3338 895 3397 Ι,
914 3338 958 3389 54.
980 3355 1013 3387 zu
1038 3337 1175 3388 erhcllen.v
1204 3341 1259 3390 Da·
1284 3374 1287 3379 ·

180 3406 275 3458 solbet:
293 3405 443 3469 exercitum
457 3404 486 3452 in
504 3421 587 3454 unum
612 3399 700 3464 locum
724 3405 898 3456 contradere.
943 3408 1018 3455 Eben
1040 3423 1069 3456 so
1101 3407 1169 3473 Nep.
1194 3408 1257 3460 Con.

176 3464 227 3532 Π,
243 3472 270 3523 4.
287 3474 366 3539 Virg!
378 3469 445 3530 Aen.
463 3471 509 3532 Ill,
527 3471 553 3523 8.
570 3471 757 3522 contradimus
778 3490 811 3522 ue
827 3476 910 3525 viros.
948 3479 1054 3544 Cogere
1071 3476 1105 3525 ist
1120 3475 1167 3525 das
1185 3490 1258 3527 ente-

181 3542 286 3601 oedens,
304 3541 470 3592 contrahere
485 3538 530 3590 das
548 3557 723 3604 consequens3
734 3564 737 3569 ·
747 3490 818 3592 dqenn
836 3542 910 3592 Caes.
925 3554 1022 3592 musste
1047 3542 1091 3591 die
1108 3543 1258 3611 Fabrzeuge

180 3628 233 3662 von
248 3610 436 3660 verschiednen
455 3608 600 3674 Gegenden
614 3608 670 3658 und
687 3606 901 3659 lelterschasten
923 3609 971 3660 laer
996 3615 1258 3675 zusammensreiben,

182 3681 347 3746 aufbringcn
363 3679 419 3728 und
437 3678 483 3727 anf
497 3679 585 3726 einem
602 3674 702 3727 Pnnlte
725 3682 909 3729 versammeln.
953 3680 1009 3729 Der
1032 3681 1132 3744 griech.
1155 3682 1258 3733 Ueber-

125 3796 133 3809 ,
181 3744 264 3798 setzer
278 3748 351 3814 giebt
371 3746 536 3807 contradere
553 3746 647 3796 durch:
665 3746 844 3815 ἐκλέγεσθαι,
864 3747 920 3798 und
939 3748 1040 3797 scheint
1053 3750 1211 3801 rerstanden
1226 3769 1258 3802 ιιι

182 3817 282 3877 baben,
310 3818 370 3866 dass
390 3817 463 3866 Caes.
478 3815 552 3865 nicht
579 3816 630 3864 alle
655 3815 688 3864 80
713 3816 810 3865 Schilfe
833 3833 896 3867 zum
919 3815 1076 3882 Transporte
1106 3818 1256 3882 gebraucht,

180 3882 295 3936 scudem
314 3904 363 3935 nur
381 3903 410 3934 so
427 3885 479 3933 viel
498 3885 649 3952 ansgelesen
667 3883 743 3943 habe,
768 3886 806 3933 als
823 3885 879 3934 ihnr
897 3886 989 3951 niithig
1007 3885 1148 3946 schienen,
1182 3887 1216 3938 ad
1233 3888 1259 3939 ll

179 3956 297 4019 legiones
317 3953 535 4020 transportandae.
551 3953 606 4002 Der
620 3953 850 4019 Zusammenlrang
868 3954 924 4004 und
942 3955 988 4003 das
999 3956 1022 4004 F
1024 3954 1137 4017 olgende
1154 3956 1257 4006 soheint

178 4021 274 4086 jedoclr
294 4024 369 4072 mehr
385 4038 462 4072 unsre
479 4018 626 4084 Erlliirung
644 4038 676 4070 zu
693 4022 875 4087 begiinstigen.
911 4023 973 4073 Man
992 4023 1090 4072 withle!
1125 4024 1216 4090 Vergl.
1232 4025 1253 4082 I,

177 4089 203 4139 4.
218 4091 273 4142 und
291 4086 397 4141 sueton.
415 4090 448 4140 de
471 4089 674 4145 inflammat.
690 4091 732 4138 24.
754 4107 811 4141 wo:
838 4093 921 4140 multa
945 4093 1106 4158 exerttplaria
1124 4088 1254 4146 contracta
1272 4126 1277 4135 ·

178 4161 207 4227 (i.
226 4179 249 4216 e.
267 4158 510 4228 coemta,'undiqne
533 4157 956 4228 comparata)erwthntwe1·den.

553 4264 581 4293 x
