2618 4554
158 173 224 260 458
355 210 361 227 .-
463 174 503 240 c.
542 174 647 239 sor.
691 172 952 237 crassata
1004 260 1007 267 Ι

157 346 308 435 dignitas*
326 344 379 413 rei
389 354 402 421 ;
437 355 470 410 et
494 342 669 432 oppositus
691 362 791 407 mons
814 340 1002 423 Cevenna,
1046 340 1243 429 §ammons
1274 424 1278 439 ⁸

156 450 354 531 difficultas,²
373 442 598 532 impediebat,
644 456 719 511 tum
749 444 920 524 maxime,
961 444 1064 531 quod
1095 444 1242 512 abiuncto

154 554 306 623 Labieno
327 561 428 634 atque
451 546 494 613 iis
515 546 726 633 legionibus,
752 568 834 631 quas
857 566 927 610 uns
948 545 1117 627 miserat,
1151 546 1244 613 vshe'
1273 542 1278 563 ²

153 668 291 725 menter
311 649 472 716 timebat·
505 649 641 733 Itaque,
667 646 852 713 admodum
874 647 1013 733 magnis
1041 647 1182 716 diurnis
1199 664 1244 717 at·

154 781 224 847 qne
246 750 420 821 nocturnis
439 748 619 821 itineribus
639 746 811 827 confectis,
839 760 958 813 contra
982 751 1154 817 omnium
1178 752 1242 839 opi.

154 848 295 929 saionem
320 853 362 921 ad
385 852 538 940 Ligerim
564 850 738 965 pervenit3
768 848 923 936 vadoque
947 872 1017 939 per
1042 852 1181 939 equites
1197 852 1244 917 im

148 971 275 1039 orento,
296 980 363 1045 pro
388 956 444 1021 rei
467 954 663 1029 necessitate
686 964 893 1041 opportuno,
919 964 959 1017 ut
982 952 1138 1019 brachia
1153 955 1243 1021 modo

155 1076 256 1151 atque
275 1057 412 1124 humeri
432 1056 473 1122 ad
499 1053 814 1127 sustinendaarma
835 1052 937 1118 liberi
972 1055 1017 1119 ab
1052 1077 1150 1143 aqna
1182 1080 1243 1123 esse

98 1206 102 1215 ·
154 1175 305 1253 possent,
329 1158 492 1247 disposito
517 1155 686 1244 equitatu,
709 1156 768 1242 qui
792 1154 865 1221 vim
887 1155 1051 1223 fluminis
1079 1158 1245 1248 refringe·

155 1274 221 1339 ret,
249 1278 350 1349 atque
366 1260 517 1328 hostibus
537 1258 653 1347 primo
674 1256 835 1343 adspectu
856 1258 1092 1346 perturbatis,
1115 1260 1243 1327 ineolu-

120 1428 123 1439 ,
150 1386 250 1443 ¹mern
272 1363 463 1430 exercitum
481 1358 700 1429 transduxit:
726 1357 1011 1445 frumentumque
1031 1360 1077 1427 iu
1103 1366 1196 1451 agris
1215 1376 1244 1431 et

155 1460 291 1553 copiam
309 1465 445 1553 pecoris
466 1476 604 1540 nactus,
630 1460 764 1551 repleto
784 1460 828 1527 iis
850 1460 951 1529 rebus
972 1464 1165 1555 exercitu,
1186 1468 1244 1535 iter

77 1576 81 1589 '
154 1566 196 1635 ad
215 1567 366 1635 Senonas
383 1564 497 1630 faeere
512 1562 669 1631 instituit.

55 1674 58 1681 '
153 1678 157 1685 ’
200 1666 288 1735 Car.
314 1666 425 1735 LVII.
475 1666 569 1739 Dum
598 1656 682 1731 lisee
714 1660 805 1753 apud
835 1662 1020 1735 Caesarem
1060 1684 1243 1755 geruntur,

155 1770 328 1853 Labienus
350 1792 390 1833 eo
411 1766 669 1855 supplemento,
699 1765 789 1854 quod
811 1788 923 1855 nuper
943 1788 991 1831 ex
1012 1766 1124 1836 Italia
1147 1794 1246 1839 vene·

49 1934 56 1947 ,
154 1884 221 1955 rat,
251 1870 372 1937 relicto
395 1867 582 1958 Agendici,
605 1882 646 1934 ut
664 1882 752 1936 esset
773 1866 1032 1959 impedimentis
1057 1874 1244 1961 praesidis,

155 2071 332 2127 sobiollicber
350 2074 440 2140 folgen
456 2073 578 2123 miscens
607 2085 689 2135 quum
706 2067 800 2141 (quod)
817 2080 848 2123 et
863 2064 984 2141 infamia
999 2098 1036 2112 ·-
1054 2086 1087 2126 et
1105 2094 1144 2146 op
1163 2080 1246 2131 cartu

157 2160 235 2194 mom
254 2156 302 2193 etc.
335 2142 435 2194 Fer-ner
450 2142 527 2192 weiss
546 2138 590 2189 ich
604 2138 690 2200 nicht,
713 2140 1045 2200 ob‚wennt‹1netunc
1069 2150 1127 2215 qui
1162 2161 1243 2199 mssa

156 2212 230 2262 nicht
245 2212 409 2262 parenthesis
427 2211 475 2271 ist,
499 2208 595 2261 Caesar
611 2208 680 2260 obne
696 2208 863 2279 Doppelsinn
880 2210 950 2262 bitte
962 2211 1113 2265 schreiben
1132 2214 1244 2269 kdunenz

156 2296 192 2332 ne
211 2291 270 2347 turn
284 2281 394 2350 quidem
410 2304 445 2319 ·-
462 2296 546 2357 quarn
563 2290 612 2326 ete.
652 2278 655 2283 '

224 2348 359 2401 abiuncto.
378 2347 523 2415 Labieno]
562 2346 644 2398 Diese
668 2345 760 2397 Lesas-t
780 2345 937 2413 vertbeidigt
957 2346 1037 2400 ibren
1060 2351 1143 2403 Platz
1166 2353 1243 2405 duret

157 2416 374 2471 die'Seltenbeit.
408 2417 462 2468 Cic.
481 2414 515 2464 ad
532 2414 611 2467 Attio.
625 2416 662 2473 11,
682 2431 705 2464 ι.
726 2415 970 2465 Demosthenes-
986 2418 1021 2468 ab
1041 2419 1100 2471 hoc
1119 2450 1159 2463 --
1175 2424 1244 2473 iudi-

155 2487 218 2536 ciali
237 2486 345 2537 dicendi
367 2496 462 2552 genere
485 2500 514 2535 se
537 2484 712 2535 abiunxerat.
746 2484 889 2555 Adiungi,
920 2502 974 2536 was
1001 2487 1031 2537 in
1047 2492 1147 2545 vielen
1162 2491 1263 2559 Codd.¹

70 2562 76 2579 .
156 2554 212 2604 sicb
229 2556 324 2614 findet,
338 2583 374 2594 -
388 2558 501 2617 vertrigt
517 2553 574 2603 sich
592 2555 643 2603 mit
660 2553 776 2603 tsbsebat
792 2554 866 2603 nieht
882 2554 1000 2619 fiiglieh3
1025 2560 1166 2610 wessbslb
1184 2578 1241 2609 msa

158 2623 228 2673 dieas
260 2625 287 2674 in
317 2623 450 2691 cupiebat
477 2623 664 2672 umwandelte.
697 2621 771 2673 Nacb
794 2622 882 2672 einem
911 2622 979 2674 Cod.
1002 2625 1091 2677 nabm
1119 2628 1242 2680 Oudend.

155 2693 305 2762 Agendieo
323 2694 374 2751 atti,
390 2710 444 2742 was
463 2707 496 2741 an
513 2690 569 2741 sicb
585 2691 659 2753 W⁰hl
674 2709 769 2757 passen
781 2691 881 2750 wiirde,
897 2708 977 2742 wenn
988 2706 1120 2747 sattsame
1136 2698 1241 2749 Griinds

154 2758 202 2808 'slas
220 2762 297 2813 Wort
311 2765 505 2810 unterstiitzten.
523 2762 561 2821 la,
579 2777 642 2809 man
659 2759 727 2811 sielst
744 2758 814 2810 dana
827 2760 905 2810 nicht¹
916 2762 968 2821 ein,
984 2779 1094 2815 warum
1110 2765 1240 2824 Oudend,

155 2826 189 2877 da
209 2829 237 2885 in
253 2829 341 2892 jenem
360 2830 426 2880 Cod.
443 2829 621 2881 Aventina-sm
637 2827 721 2889 stand,
734 2828 808 2879 nieht
825 2829 909 2879 lieber
925 2832 965 2881 cd
979 2832 1171 2903 Agendicum
1184 2839 1240 2887 ta-

155 2896 236 2946 biano
256 2911 303 2949 etc.
326 2899 396 2948 lesen
419 2870 522 2962 wolbe3
541 2899 602 2947 eine
619 2894 815 2958 Constntlttion,
830 2898 873 2948 die
891 2899 941 2948 mit
959 2896 1068 2951 Caesare·
1087 2902 1237 2971 Spracbgt·

153 2960 268 3015 braucbe
284 2964 344 3015 sebr
360 2967 515 3017 barmonirt.
676 2970 679 2979 '

224 3034 357 3100 disposito
376 3038 512 3105 equitatu,
530 3036 629 3103 qui-
644 3032 826 3107 refringeret]
860 3032 912 3083 Ein
930 3052 975 3084 aus
993 3033 1085 3085 dieser
1105 3036 1191 3089 Stella
1207 3055 1236 3089 sn

153 3098 296 3151 aiebender
319 3102 426 3157 Scbluss
444 3106 513 3154 oben
530 3104 583 3162 lv,
603 3119 643 3170 17.
677 3105 736 3155 Den
759 3102 916 3167 Uebergang
938 3104 1004 3153 iiber
1028 3121 1127 3170 grosse
1151 3109 1234 3158 Fttas

153 3164 391 3235 bewetltstelligten
418 3173 462 3221 die
485 3173 582 3221 Rb'mer
601 3173 646 3223 aui
666 3171 827 3223 mancberlei
845 3172 948 3233 Weise3
983 3173 1028 3221 bei
1054 3174 1156 3226 Caesar
1173 3174 1234 3225 nodt

155 3237 199 3285 sin
225 3238 311 3304 Beisp.
331 3240 360 3287 Β.
378 3240 487 3305 Hispan.
508 3240 533 3291 5.
558 3240 668 3301 Caesar,
703 3259 786 3307 quum
810 3238 844 3289 ad
865 3243 965 3290 llumen
990 3242 1097 3292 Baetim
1120 3245 1235 3301 venisset,

153 3322 239 3371 neque
256 3310 554 3373 propter'nltitudinem
577 3313 694 3360 fluminis
716 3310 825 3359 transire
846 3320 948 3373 posset,
974 3308 1123 3378 lapidibus
1144 3312 1234 3365 corbes

175 3372 253 3425 lenos
271 3375 387 3427 demisit.
422 3378 460 3428 Ita
485 3379 591 3446 insuper
614 3393 693 3445 ponte
718 3380 801 3433 facto,
826 3379 915 3444 copias
934 3379 1092 3429 transduxit.
1116 3396 1141 3421 ψ·
1166 3378 1233 3433 Nscls

150 3388 246 3507 i'eget.
265 3445 313 3501 ΙΙΙ,
333 3460 357 3511 7·
374 3463 428 3496 war
442 3448 548 3497 Caesare
566 3448 623 3498 bier
637 3449 752 3513 belolgts
771 3445 894 3495 Methode
911 3446 1100 3512 Kriegsregel;
1122 3448 1194 3500 deun
1209 3466 1234 3497 er

155 3522 224 3573 sagt:
248 3512 391 3578 Explorato
410 3516 494 3574 vado,
517 3516 582 3566 duae
600 3518 667 3566 acies
685 3517 805 3581 equitum
823 3515 911 3564 electis
929 3516 1089 3566 animalibus
1110 3518 1233 3568 ordinan-

152 3584 204 3635 lur.
222 3580 364 3633 intervallis
382 3586 589 3652 competentibus
605 3597 750 3651 separatas,
771 3596 800 3634 ut
816 3599 864 3649 per
879 3585 999 3633 medium
1017 3584 1126 3649 pedites
1144 3599 1171 3636 et
1187 3589 1233 3636 tn·

155 3648 306 3712 peditnenta
323 3638 463 3703 tranieantt
496 3655 565 3703 Nam
590 3655 659 3702 acies
680 3652 800 3718 superior
821 3668 949 3715 aquarum
973 3654 1109 3718 impetum
1128 3655 1232 3720 treuga,

154 3712 352 3783 interior,'qui
369 3723 436 3787 rapti
454 3721 635 3786 submersique
655 3722 766 3781 fuerint,
801 3719 904 3783 colligit
920 3733 996 3784 atque
1023 3725 1184 3788 transponit.
1202 3750 1233 3759 -

154 3781 208 3831 Das
233 3785 385 3850 bequernste
410 3790 495 3839 Mittel
519 3790 581 3840 aber
604 3788 665 3838 sind
695 3789 739 3839 die
770 3787 926 3855 monoxyli,
960 3788 1049 3838 kleine
1076 3809 1125 3841 sus
1149 3794 1231 3841 einem

155 3848 272 3901 Stamnre
294 3856 411 3919 gehenne
429 3858 537 3917 Kibne,
561 3859 619 3907 eine
637 3857 686 3909 Art
701 3858 831 3911 Pontons.
860 3856 903 3906 die
920 3874 982 3907 man
1000 3859 1079 3908 nebst
1098 3862 1167 3911 sller
1181 3861 1232 3909 Zn·

154 3917 237 3993 bebdr
254 3925 300 3971 aus
314 3926 416 3991 Wagen
435 3927 592 3977 nacbsabren
610 3928 681 3978 lisst.
712 3927 800 3992 Ver-gl.
818 3926 882 3976 Nast
899 3947 921 3976 a.
937 3946 961 3975 a.
979 3927 1012 3976 O.
1031 3929 1060 3977 S.
1078 3928 1142 3979 335.

222 4006 284 4075 Cap.
302 4011 383 4062 LVll.
419 4013 571 4084 Agendicr]
606 4013 661 4063 Der
683 4012 767 4062 Name
787 4012 869 4061 heisst
886 4014 924 4061 im
950 4013 1089 4063 itinerario
1107 4014 1230 4063 Antonin.

153 4074 209 4124 und
226 4077 292 4127 Tab.
314 4079 445 4130 Theodos.
462 4081 644 4145 Agedincum,
671 4081 714 4130 bei
737 4081 886 4131 Ptolernius
900 4079 1056 4147 'Amdsadst
1091 4083 1167 4133 Nacb
1182 4083 1230 4131 Le·

153 4146 236 4195 nmire
254 4153 322 4199 wire
342 4166 370 4201 es
388 4149 462 4200 nicht
482 4154 568 4211 Sene,
593 4151 643 4201 wie
664 4149 795 4203 d’Anville
812 4150 870 4235 und
889 4151 970 4201 andr-e
987 4149 1150 4221 anuebrnen,
1172 4169 1230 4203 son-
