2618 4554
177 190 241 259 540
479 188 549 251 DE
590 186 765 251 BELLO
801 188 964 253 GALL.

136 348 139 353 ’
175 381 352 426 summum
379 357 510 423 bellum
537 372 636 445 posse
664 352 826 423 oonilaris
866 357 909 424 C.
939 358 1169 427 Trebonium
1192 384 1242 429 auu

79 462 90 482 ''
174 460 210 526 ΙΙ
232 460 441 548 legionibus,
478 480 562 546 quas
588 478 703 523 secum
734 454 900 539 habebat,
940 460 983 525 in
1017 459 1176 529 hibernis
1197 463 1243 531 Gt·

174 560 256 626 nabi
286 560 484 643 collocavit3
525 559 617 647 ipso,
650 581 754 645 quum
784 560 919 626 crebris
948 562 1184 650 legationibus
1200 564 1243 632 lb·
1276 602 1280 611 ·

175 686 316 730 morum
338 662 463 728 certior
483 661 601 741 fier'et,
622 660 819 726 Bellovacos
828 680 842 741 ,·
867 664 928 749 qni
946 663 1039 729 belli
1063 666 1173 753 gloria
1188 665 1243 731 uu·

172 766 224 833 los
246 787 365 830 omnes
385 762 570 851 Belgasque
588 762 820 849 praestabant,
847 762 1097 854 finitimasque
1117 768 1169 834 his
1184 766 1242 834 oiri·

172 868 279 948 lates,
307 865 393 931 duce
413 864 543 930 Correo
564 864 742 929 Bellovaco
763 876 801 931 et·
817 862 987 933 Commio
1009 870 1188 951 Atrebate,
1202 890 1242 934 ex·

119 1054 121 1059 ⁴
172 968 297 1059 troitus
327 988 525 1054 comparare
554 976 655 1050 atque
681 965 719 1030 in
746 958 866 1031 ununi'
885 968 1012 1035 locum
1052 993 1192 1059 cogere,
1219 980 1241 1035 ut

172 1071 270 1135 omni
291 1067 511 1134 multitudine
532 1066 570 1131 in
588 1064 674 1131 fines
692 1064 925 1147 Suessionum,
953 1072 1022 1158 qui
1042 1073 1241 1140 Remissa

174 1170 351 1251 attributi,
377 1168 530 1234 facerent
550 1164 829 1254 impressionem
856 1172 1050 1258 pertinere
1070 1186 1186 1241 autem
1199 1194 1241 1239 nu

170 1285 306 1338 tanturn
329 1273 370 1336 ad
394 1268 613 1357 dignitatem,
650 1269 709 1335 sed
738 1269 840 1336 etiam
861 1270 904 1337 ad
924 1274 1085 1341 salutem
1104 1298 1194 1341 suam
1207 1276 1240 1341 ii·

174 1372 325 1453 dicaret,
361 1358 492 1437 nullam
514 1362 739 1435 c'eilamitatem
759 1372 868 1437 socios
889 1373 1033 1460 optime
1046 1376 1102 1441 ale
1125 1374 1241 1465 republ·

159 1475 378 1543 ''oa'meritos
399 1468 574 1559 acciperet
609 1471 780 1558 legionem
799 1473 1034 1543 ‹tx-hibernis
1057 1490 1179 1545 estocat
1192 1498 1241 1543 rur·

172 1554 230 1641 tas
251 1575 335 1656 xi,
372 1575 501 1665 lisera.
529 1587 643 1639 autem
672 1570 963 1644 ao.c.÷'sanum
994 1581 1135 1661 mnus,
1169 1580 1241 1647 uis

168 1677 255 1743 fines
276 1677 498 1743 Suessionum
519 1674 669 1761 legiones
688 1677 741 1752 ΙΙ,
770 1698 853 1762 quas
863 1674 1051 1755 babebat,
1075 1684 1240 1759 adduam

168 1766 381 1865 alteramque
419 1800 464 1842 ex
495 1775 621 1841 duabus
651 1776 693 1841 ab
721 1778 766 1843 T.
793 1778 949 1849 Labieno
987 1786 1154 1852 arcessit.
1203 1783 1242 1861 itt,

64 1904 66 1909 ·
164 1881 336 1965 quantum
349 1876 585 1949 'hibernorum
608 1879 844 1967 opportunitas
859 1879 1023 1971 bellique
1039 1887 1138 1955 ratio
1152 1896 1241 1977 postt-

154 1980 275 2079 jlabat,
301 1993 469 2070 perpetuo
492 2002 554 2043 suo
574 1979 710 2062 labore,
731 1979 777 2061 ¹in
794 1968 907 2049 vicem
925 1983 1143 2072 legionibus
1162 2008 1241 2079 espa·

167 2079 338 2149 ditionum
359 2102 445 2148 onus
465 2079 676 2168 iniungebat.
914 2098 918 2105 '
1030 2100 1034 2105 ·
1134 2104 1138 2113 ·
1167 2108 1170 2113 ·

235 2299 366 2334 summum
394 2279 511 2349 bellam]
561 2280 581 2333 l.
600 2297 624 2333 e.
654 2279 680 2329 in
706 2297 760 2345 quo
785 2299 891 2335 summa
922 2285 1114 2352 reipublicae
1146 2289 1241 2342 aaran·

166 2350 257 2416 Vergl.
275 2351 318 2415 ob.
334 2368 368 2400 zu
384 2351 449 2409 Vll,
473 2351 516 2398 41.
537 2350 602 2399 iiber
621 2352 731 2400 summis
754 2353 849 2419 copiis.
890 2351 929 2403 So
949 2370 1011 2404 war
1032 2359 1129 2411 nicbts
1148 2360 1240 2423 hints«.

171 2422 210 2469 als
229 2437 333 2470 summa
352 2419 471 2487 imperii,
495 2436 599 2470 summa
619 2419 736 2469 oninium
754 2420 1054 2489 rerumpublicarum
1074 2430 1241 2497 privatam·

189 2507 241 2545 ae,·
268 2491 323 2537 also
343 2489 385 2537 ein
404 2486 503 2550 Krieg‚
530 2488 576 2536 auf
591 2486 654 2535 «lem
672 2486 716 2535 die
731 2487 852 2537 Existenz
873 2489 920 2540 des
939 2491 1066 2552 aciens,
1096 2496 1146 2546 des
1163 2496 1241 2547 Genu

167 2506 279 2619 boniba
307 2554 417 2621 folglicb
432 2554 498 2604 auch'
514 2556 556 2605 tur
573 2554 624 2604 deu
638 2554 745 2619 Gegner
758 2557 800 2605 eiu
816 2556 909 2607 biiohst
920 2559 1078 2629 wicbtiger
1093 2565 1154 2616 und
1167 2564 1240 2615 sobre

166 2642 209 2675 rer
225 2625 317 2689 Krieg.
351 2624 439 2689 Vergl.
457 2624 523 2672 anch
540 2624 629 2673 Brerni
646 2641 679 2672 zu
697 2624 768 2672 Suet.
782 2626 844 2674 Tib.
856 2642 898 2676 αι.
1171 2674 1174 2679 ,

233 2692 393 2764 Belgasque
417 2692 623 2759 praestabant]
658 2695 812 2745 Praestare
834 2695 861 2743 in
884 2693 933 2743 der
955 2695 1079 2751 Bedeut.
1105 2720 1160 2753 son
1184 2708 1241 2751 asts·

169 2760 270 2812 cellere
288 2764 384 2825 regiert
401 2759 453 2809 <len
467 2761 559 2822 Datis,
584 2761 636 2811 wie
655 2760 698 2810 ob.
713 2761 738 2823 l,
757 2776 782 2811 2.
799 2762 855 2814 und
875 2762 928 2813 den
942 2761 1114 2828 Accusativ,
1140 2771 1185 2821 bei
1198 2770 1241 2832 litp·

162 2848 202 2883 ,au
220 2848 267 2895 gar
284 2832 369 2879 vielen
387 2830 495 2881 Stellen.
526 2829 606 2879 Attio.
620 2830 672 2891 Ill,
691 2828 716 2878 5.
740 2831 854 2890 biviras,
888 2848 964 2901 quae
982 2838 1187 2897 aestimatam,
1209 2837 1241 2887 ls-

170 2900 317 2957 manitate,
338 2898 467 2948 doctrina
481 2907 646 2967 praestaret
663 2914 764 2947 omues.
798 2898 1001 2964 Epam.Vl,1.
1070 2909 1240 2963 siliarum·

145 2992 148 2999 Δ
186 2966 218 3017 ai
241 2966 412 3036 eloquentia,
432 2984 526 3017 omnes
552 2985 584 3017 eo
606 2965 778 3035 praestabat
804 2977 936 3035 tempore.
962 2968 999 3019 de
1018 2973 1093 3039 neg.
1113 2976 1168 3037 ΙΙΙ,
1189 2972 1209 3025 5-
1225 2988 1242 3019 t·

151 2984 281 3093 inumb.
297 3037 324 3092 l,
347 3051 371 3085 1.
402 3035 529 3100 Dogegen
547 3035 602 3085 Cic.
619 3034 653 3083 de
672 3034 745 3083 Orat.
759 3034 800 3093 ll,
817 3035 859 3084 40·
879 3037 966 3088 Bona
986 3043 1177 3097 existimatio
1193 3038 1242 3095 dbi-

167 3104 215 3152 tiis
229 3113 362 3170 praestat
368 3121 379 3158 ,¹
407 3103 459 3152 wie
476 3121 567 3154 unser:
591 3103 669 3154 stelit
688 3101 774 3154 liiiiier
793 3102 837 3153 als
851 3115 901 3154 ete.
1091 3124 1094 3128 ·

233 3171 460 3287 impressionem}²
486 3174 539 3221 Ein
561 3167 714 3231 Ansdrnck,
749 3169 801 3220 den
820 3171 894 3223 caes.
917 3174 1139 3241 verschmirbte,
1169 3178 1242 3233 Lim

165 3238 310 3291 mehrmals
328 3239 441 3302 gebrauc
461 3251 485 3297 t,
510 3241 557 3290 der
574 3240 640 3289 atich
659 3241 703 3289 bei
720 3238 811 3289 lustin.
827 3240 885 3289 sich
902 3242 989 3293 findet
1011 3248 1078 3297 und
1103 3250 1152 3299 bei
1173 3250 1242 3300 Girsu

167 3308 294 3359 ebensalls
309 3308 342 3356 ad
356 3309 418 3358 Div.
431 3306 463 3368 V,
481 3324 506 3366 a,
523 3324 566 3357 22.
582 3327 665 3375 noque
684 3309 725 3357 illi
744 3308 890 3375 quidquam
907 3308 1098 3367 deliberatius
1114 3319 1175 3381 init,
1187 3330 1243 3383 qm

165 3393 212 3427 me
230 3393 384 3442 quacunque
401 3377 501 3426 ratione
519 3390 618 3442 posset,
643 3396 698 3428 non
716 3376 832 3445 iudicio,
859 3395 949 3442 neque
967 3380 1191 3451 disceptatione,
1209 3380 1243 3435 ai

167 3447 198 3498 vi
217 3456 302 3514 atque
323 3446 500 3513 impressione
520 3457 652 3497 evertere.
686 3447 778 3495 lustin.
789 3446 810 3502 l,
829 3444 854 3506 6,
877 3446 917 3496 15.
940 3448 1043 3519 faeta
1073 3454 1243 3523 impressione

168 3531 233 3578 quos
245 3512 417 3585 fugiebant,
440 3512 547 3583 fugere
564 3512 742 3581 'compellarem
775 3514 831 3564 Liv.
848 3514 929 3577 Vlll,
949 3533 977 3586 9.
999 3519 1068 3573 init.
1094 3523 1244 3575 hastarius

166 3583 255 3644 inani,
288 3599 346 3631 non
359 3581 492 3650 forentes
511 3582 714 3649 impressionem
730 3585 909 3644 Latinorum,
945 3604 977 3635 se
997 3588 1040 3639 ad
1062 3594 1201 3659 principes
1214 3606 1244 3639 rs·

166 3668 266 3717 cepere.
305 3650 361 3698 Der
379 3649 451 3699 Veri.
468 3648 514 3699 des
532 3650 561 3700 B.
577 3649 660 3700 Afric.
678 3666 700 3700 o.
722 3652 764 3719 78.
787 3652 881 3703 Caesar
910 3656 1043 3718 equitum
1073 3673 1178 3711 turum
1197 3674 1244 3709 sno·

167 3736 228 3769 rum
245 3718 317 3768 iubet
335 3718 364 3766 in
385 3717 501 3768 hostium
526 3720 669 3784 equitatum
692 3748 728 3761 --
754 3722 856 3791 farere
882 3723 1117 3789 impressionem.
1149 3726 1243 3781 iuna

167 3786 263 3838 hostes
288 3785 464 3853 impressione
484 3787 581 3857 facta.
621 3789 657 3837 Es
677 3789 711 3837 ist
728 3789 770 3837 ein
787 3788 912 3855 Angriff
932 3792 966 3839 in
986 3793 1046 3844 der
1066 3798 1171 3855 Nate,
1196 3794 1244 3847 oia

166 3856 291 3918 ticiniger
309 3853 355 3901 das
372 3856 547 3926 Eindringen
567 3857 594 3905 in
613 3856 656 3905 dia
674 3857 788 3913 Famula,
811 3859 900 3906 wobei
917 3875 985 3909 man
1003 3863 1125 3916 letztere
1141 3866 1197 3917 siclt
1209 3878 1243 3913 nt·

165 3921 383 3981 riickweiebend,
406 3922 577 3987 nachgebend
594 3925 641 3974 tier
658 3925 762 3975 birtern
779 3925 1039 3992 Nothwendigkeit‚
1067 3932 1165 3986 deult-

253 4000 366 4056 er-petuo
386 4009 436 4041 suo
457 3990 572 4061 labore]
606 3994 666 4042 Wie
684 3994 752 4043 oben
771 4010 793 4042 a.
809 3991 833 4045 5.
850 4000 1083 4062 tempestatibus
1105 3998 1243 4056 durissimi·

164 4007 262 4109 Saleiio
273 4057 499 4125 Einschaltungou
517 4060 697 4111 dnrchblst.
714 4063 797 4111 absol.
813 4063 880 4112 liebt
893 4064 1011 4116 Hirtius.
1051 4071 1153 4124 Darou
1168 4073 1208 4123 ob.
1219 4082 1243 4115 tt

166 4128 201 4187 11,
220 4146 245 4197 9.
266 4157 301 4167 .-
317 4127 405 4177 utba
423 4128 529 4178 caesar.
548 4130 692 4181 unum
710 4131 792 4182 sena
810 4130 934 4182 ursana
954 4134 1006 4186 aer
1024 4126 1118 4194 acuis
1136 4148 1242 4210 geum
