<?xml version="1.0" encoding="UTF-8"?>
<!DOCTYPE html PUBLIC "-//W3C//DTD XHTML 1.0 Transitional//EN"
    "http://www.w3.org/TR/xhtml1/DTD/xhtml1-transitional.dtd">
<html xmlns="http://www.w3.org/1999/xhtml" xml:lang="en" lang="en">
 <head>
  <title>
</title>
<meta http-equiv="Content-Type" content="text/html;charset=utf-8" />
  <meta name='ocr-system' content='tesseract 3.04.00' />
  <meta name='ocr-capabilities' content='ocr_page ocr_carea ocr_par ocr_line ocrx_word'/>
</head>
<body>
  <div class='ocr_page' id='page_1' title='image "./commentariorumd00caesgoog/commentariorumd00caesgoog_0603.png"; bbox 0 0 2618 4554; ppageno 0'>
   <div class='ocr_carea' id='block_1_1' title="bbox 120 206 912 291">
    <p class='ocr_par' dir='ltr' id='par_1_1' title="bbox 120 206 912 291">
     <span class='ocr_line' id='line_1_1' title="bbox 120 206 912 291; baseline 0.001 -15"><span class='ocrx_word' id='word_1_1' title='bbox 120 213 182 291; x_wconf 67' lang='lat'>572</span> <span class='ocrx_word' id='word_1_2' title='bbox 419 209 496 279; x_wconf 74' lang='lat' dir='ltr'>ult·</span> <span class='ocrx_word' id='word_1_3' title='bbox 528 209 705 277; x_wconf 84' lang='lat' dir='ltr'>BELLO</span> <span class='ocrx_word' id='word_1_4' title='bbox 741 206 912 279; x_wconf 66' lang='lat' dir='ltr'>Gdloln</span> 
     </span>
    </p>
   </div>
   <div class='ocr_carea' id='block_1_2' title="bbox 22 356 1232 3311">
    <p class='ocr_par' dir='ltr' id='par_1_2' title="bbox 22 356 1232 3311">
     <span class='ocr_line' id='line_1_2' title="bbox 115 356 1188 469; baseline 0.002 -23"><span class='ocrx_word' id='word_1_5' title='bbox 115 378 288 455; x_wconf 76' lang='lat' dir='ltr'>advolasse</span> <span class='ocrx_word' id='word_1_6' title='bbox 305 390 340 443; x_wconf 91' lang='lat' dir='ltr'>et</span> <span class='ocrx_word' id='word_1_7' title='bbox 356 377 530 467; x_wconf 75' lang='lat' dir='ltr'>proelium</span> <span class='ocrx_word' id='word_1_8' title='bbox 551 376 768 445; x_wconf 68' lang='lat' dir='ltr'>commisisse.</span> <span class='ocrx_word' id='word_1_9' title='bbox 813 356 903 469; x_wconf 77' lang='lat' dir='ltr'>Qua</span> <span class='ocrx_word' id='word_1_10' title='bbox 928 401 972 445; x_wconf 86' lang='lat' dir='ltr'>re</span> <span class='ocrx_word' id='word_1_11' title='bbox 1000 378 1188 467; x_wconf 65' lang='lat' dir='ltr'>cognitait·</span> 
     </span>
     <span class='ocr_line' id='line_1_3' title="bbox 114 478 1188 571; baseline -0.002 -24"><span class='ocrx_word' id='word_1_12' title='bbox 114 482 252 571; x_wconf 88' lang='lat' dir='ltr'>gionem</span> <span class='ocrx_word' id='word_1_13' title='bbox 280 494 446 546; x_wconf 86' lang='lat' dir='ltr'>armatam</span> <span class='ocrx_word' id='word_1_14' title='bbox 472 478 741 569; x_wconf 76' lang='lat' dir='ltr'><strong>instructamque</strong></span> <span class='ocrx_word' id='word_1_15' title='bbox 770 479 933 547; x_wconf 83' lang='lat' dir='ltr'>adducit.</span> <span class='ocrx_word' id='word_1_16' title='bbox 982 480 1056 559; x_wconf 89' lang='lat' dir='ltr'>Ita,</span> <span class='ocrx_word' id='word_1_17' title='bbox 1081 492 1188 568; x_wconf 78' lang='lat' dir='ltr'>repento</span> 
     </span>
     <span class='ocr_line' id='line_1_4' title="bbox 115 578 1190 670; baseline -0.004 -21"><span class='ocrx_word' id='word_1_18' title='bbox 115 582 276 651; x_wconf 87' lang='lat' dir='ltr'>omnibus</span> <span class='ocrx_word' id='word_1_19' title='bbox 291 603 343 669; x_wconf 26' lang='lat' dir='ltr'>&#39;ex</span> <span class='ocrx_word' id='word_1_20' title='bbox 365 578 521 668; x_wconf 87' lang='lat' dir='ltr'>partibus</span> <span class='ocrx_word' id='word_1_21' title='bbox 540 580 638 668; x_wconf 86' lang='lat' dir='ltr'>signo</span> <span class='ocrx_word' id='word_1_22' title='bbox 654 581 750 663; x_wconf 88' lang='lat' dir='ltr'>dato,</span> <span class='ocrx_word' id='word_1_23' title='bbox 770 582 849 649; x_wconf 90' lang='lat' dir='ltr'>loca</span> <span class='ocrx_word' id='word_1_24' title='bbox 867 582 1066 670; x_wconf 79' lang='lat' dir='ltr'>superiora</span> <span class='ocrx_word' id='word_1_25' title='bbox 1080 581 1190 669; x_wconf 86' lang='lat' dir='ltr'>capiun-</span> 
     </span>
     <span class='ocr_line' id='line_1_5' title="bbox 22 680 1190 773; baseline -0.003 -22"><span class='ocrx_word' id='word_1_26' title='bbox 22 712 24 717; x_wconf 70' lang='grc'>’</span> <span class='ocrx_word' id='word_1_27' title='bbox 113 700 184 755; x_wconf 87' lang='lat' dir='ltr'>tur.</span> <span class='ocrx_word' id='word_1_28' title='bbox 226 681 330 773; x_wconf 89' lang='lat' dir='ltr'>Quod</span> <span class='ocrx_word' id='word_1_29' title='bbox 351 682 410 748; x_wconf 91' lang='lat' dir='ltr'>ubi</span> <span class='ocrx_word' id='word_1_30' title='bbox 433 680 572 759; x_wconf 86' lang='lat' dir='ltr'>accidit,</span> <span class='ocrx_word' id='word_1_31' title='bbox 596 680 763 749; x_wconf 77' lang='lat' dir='ltr'><strong>Germani</strong></span> <span class='ocrx_word' id='word_1_32' title='bbox 785 682 1024 771; x_wconf 77' lang='lat' dir='ltr'>equitesque,</span> <span class='ocrx_word' id='word_1_33' title='bbox 1050 682 1190 769; x_wconf 66' lang='lat' dir='ltr'>signinis.</span> 
     </span>
     <span class='ocr_line' id='line_1_6' title="bbox 113 781 1191 885; baseline -0.004 -32"><span class='ocrx_word' id='word_1_34' title='bbox 113 786 345 877; x_wconf 63' lang='lat' dir='ltr'>gineissisis,</span> <span class='ocrx_word' id='word_1_35' title='bbox 367 781 665 857; x_wconf 77' lang='lat' dir='ltr'>vehementissime</span> <span class='ocrx_word' id='word_1_36' title='bbox 684 785 934 871; x_wconf 84' lang='lat' dir='ltr'>proeliantur:</span> <span class='ocrx_word' id='word_1_37' title='bbox 956 783 1140 885; x_wconf 74' lang='lat' dir='ltr'>cpnfestim</span> <span class='ocrx_word' id='word_1_38' title='bbox 1155 806 1191 849; x_wconf 87' lang='lat' dir='ltr'>co·</span> 
     </span>
     <span class='ocr_line' id='line_1_7' title="bbox 111 882 1191 979; baseline -0.005 -23"><span class='ocrx_word' id='word_1_39' title='bbox 111 890 229 959; x_wconf 80' lang='lat' dir='ltr'>hortea</span> <span class='ocrx_word' id='word_1_40' title='bbox 250 885 402 971; x_wconf 89' lang='lat' dir='ltr'>undiquc</span> <span class='ocrx_word' id='word_1_41' title='bbox 415 884 587 973; x_wconf 85' lang='lat' dir='ltr'>impetum</span> <span class='ocrx_word' id='word_1_42' title='bbox 604 882 751 966; x_wconf 84' lang='lat' dir='ltr'>faciunt,</span> <span class='ocrx_word' id='word_1_43' title='bbox 772 887 1021 974; x_wconf 85' lang='lat' dir='ltr'>omnibusque</span> <span class='ocrx_word' id='word_1_44' title='bbox 1039 900 1098 953; x_wconf 89' lang='lat' dir='ltr'>aut</span> <span class='ocrx_word' id='word_1_45' title='bbox 1111 887 1191 979; x_wconf 79' lang='lat' dir='ltr'>inter·</span> 
     </span>
     <span class='ocr_line' id='line_1_8' title="bbox 112 987 1190 1079; baseline -0.003 -21"><span class='ocrx_word' id='word_1_46' title='bbox 112 991 222 1072; x_wconf 83' lang='lat' dir='ltr'>fectis,</span> <span class='ocrx_word' id='word_1_47' title='bbox 243 1001 301 1055; x_wconf 89' lang='lat' dir='ltr'>aut</span> <span class='ocrx_word' id='word_1_48' title='bbox 322 987 440 1074; x_wconf 86' lang='lat' dir='ltr'>captis,</span> <span class='ocrx_word' id='word_1_49' title='bbox 457 1004 585 1077; x_wconf 75' lang='lat' dir='ltr'>,magna</span> <span class='ocrx_word' id='word_1_50' title='bbox 604 988 731 1075; x_wconf 78' lang='lat' dir='ltr'>praeda</span> <span class='ocrx_word' id='word_1_51' title='bbox 747 989 966 1077; x_wconf 83' lang='lat' dir='ltr'>potiuntur=</span> <span class='ocrx_word' id='word_1_52' title='bbox 989 990 1128 1079; x_wconf 87' lang='lat' dir='ltr'>capitur</span> <span class='ocrx_word' id='word_1_53' title='bbox 1143 990 1190 1077; x_wconf 71' lang='lat' dir='ltr'>ipe</span> 
     </span>
     <span class='ocr_line' id='line_1_9' title="bbox 72 1080 1099 1185; baseline -0.018 -23"><span class='ocrx_word' id='word_1_54' title='bbox 72 1174 77 1185; x_wconf 32' lang='lat' dir='ltr'>f</span> <span class='ocrx_word' id='word_1_55' title='bbox 115 1106 157 1163; x_wconf 76' lang='lat' dir='ltr'>eo</span> <span class='ocrx_word' id='word_1_56' title='bbox 177 1092 313 1180; x_wconf 83' lang='lat' dir='ltr'>proelio</span> <span class='ocrx_word' id='word_1_57' title='bbox 335 1080 518 1173; x_wconf 78' lang='lat' dir='ltr'>Drappes.&#39;.</span> <span class='ocrx_word' id='word_1_58' title='bbox 553 1114 557 1147; x_wconf 75' lang='grc' dir='ltr'><strong>ι</strong></span> <span class='ocrx_word' id='word_1_59' title='bbox 600 1124 604 1135; x_wconf 88' lang='lat'>·</span> <span class='ocrx_word' id='word_1_60' title='bbox 945 1080 976 1144; x_wconf 82' lang='lat'>.&#39;</span> <span class='ocrx_word' id='word_1_61' title='bbox 1094 1086 1099 1091; x_wconf 84' lang='lat'>&#39;</span> 
     </span>
     <span class='ocr_line' id='line_1_10' title="bbox 154 1187 1192 1279; baseline -0.006 -18"><span class='ocrx_word' id='word_1_62' title='bbox 154 1194 243 1261; x_wconf 73' lang='lat' dir='ltr'>Car.</span> <span class='ocrx_word' id='word_1_63' title='bbox 261 1189 444 1260; x_wconf 86' lang='lat' dir='ltr'>XXXVII.</span> <span class='ocrx_word' id='word_1_64' title='bbox 485 1187 668 1269; x_wconf 76' lang='lat' dir='ltr'>Caninius,</span> <span class='ocrx_word' id='word_1_65' title='bbox 695 1187 901 1257; x_wconf 82' lang='lat' dir='ltr'>felicissime</span> <span class='ocrx_word' id='word_1_66' title='bbox 937 1214 983 1259; x_wconf 87' lang='lat' dir='ltr'>re</span> <span class='ocrx_word' id='word_1_67' title='bbox 1006 1204 1123 1279; x_wconf 83' lang='lat' dir='ltr'>gesta,</span> <span class='ocrx_word' id='word_1_68' title='bbox 1142 1188 1192 1256; x_wconf 81' lang='lat' dir='ltr'>ein</span> 
     </span>
     <span class='ocr_line' id='line_1_11' title="bbox 111 1289 1192 1383; baseline -0.006 -19"><span class='ocrx_word' id='word_1_69' title='bbox 111 1296 185 1365; x_wconf 88' lang='lat' dir='ltr'>ullo</span> <span class='ocrx_word' id='word_1_70' title='bbox 199 1316 313 1382; x_wconf 80' lang='lat' dir='ltr'>paene</span> <span class='ocrx_word' id='word_1_71' title='bbox 334 1290 452 1367; x_wconf 74' lang='lat' dir='ltr'>militis</span> <span class='ocrx_word' id='word_1_72' title='bbox 464 1290 632 1369; x_wconf 78' lang='lat' dir='ltr'>¹vulnere,</span> <span class='ocrx_word' id='word_1_73' title='bbox 659 1290 701 1355; x_wconf 84' lang='lat' dir='ltr'>ad</span> <span class='ocrx_word' id='word_1_74' title='bbox 720 1289 934 1361; x_wconf 82' lang='lat' dir='ltr'>obsidendos</span> <span class='ocrx_word' id='word_1_75' title='bbox 950 1295 1143 1383; x_wconf 71' lang='lat' dir='ltr'>oppidanos</span> <span class='ocrx_word' id='word_1_76' title='bbox 1154 1314 1192 1357; x_wconf 84' lang='lat' dir='ltr'>n·</span> 
     </span>
     <span class='ocr_line' id='line_1_12' title="bbox 112 1388 1191 1483; baseline -0.005 -20"><span class='ocrx_word' id='word_1_77' title='bbox 112 1398 281 1477; x_wconf 78' lang='lat' dir='ltr'>vertitur3</span> <span class='ocrx_word' id='word_1_78' title='bbox 311 1410 526 1483; x_wconf 84' lang='lat' dir='ltr'>externoque</span> <span class='ocrx_word' id='word_1_79' title='bbox 548 1388 645 1455; x_wconf 86' lang='lat' dir='ltr'>hoste</span> <span class='ocrx_word' id='word_1_80' title='bbox 670 1392 801 1466; x_wconf 87' lang='lat' dir='ltr'>deleto,</span> <span class='ocrx_word' id='word_1_81' title='bbox 833 1394 943 1460; x_wconf 83' lang='lat' dir='ltr'>cuins</span> <span class='ocrx_word' id='word_1_82' title='bbox 973 1396 1105 1462; x_wconf 87' lang='lat' dir='ltr'>timore</span> <span class='ocrx_word' id='word_1_83' title='bbox 1121 1408 1191 1479; x_wconf 70' lang='lat' dir='ltr'>antri</span> 
     </span>
     <span class='ocr_line' id='line_1_13' title="bbox 111 1492 1190 1586; baseline -0.005 -23"><span class='ocrx_word' id='word_1_84' title='bbox 111 1510 237 1586; x_wconf 75' lang='lat' dir='ltr'>augere</span> <span class='ocrx_word' id='word_1_85' title='bbox 263 1493 452 1584; x_wconf 89' lang='lat' dir='ltr'>praesidia,</span> <span class='ocrx_word' id='word_1_86' title='bbox 477 1503 518 1567; x_wconf 66' lang='lat' dir='ltr'>‚et</span> <span class='ocrx_word' id='word_1_87' title='bbox 545 1492 736 1559; x_wconf 75' lang='lat' dir='ltr'>munitione</span> <span class='ocrx_word' id='word_1_88' title='bbox 764 1494 970 1581; x_wconf 81' lang='lat' dir='ltr'>oppidanos</span> <span class='ocrx_word' id='word_1_89' title='bbox 1003 1494 1190 1562; x_wconf 74' lang='lat' dir='ltr'>circumduc</span> 
     </span>
     <span class='ocr_line' id='line_1_14' title="bbox 110 1594 1188 1691; baseline -0.004 -26"><span class='ocrx_word' id='word_1_90' title='bbox 110 1597 307 1691; x_wconf 80' lang='lat' dir='ltr'>prohibitus</span> <span class='ocrx_word' id='word_1_91' title='bbox 333 1605 429 1673; x_wconf 79' lang='lat' dir='ltr'>crat,</span> <span class='ocrx_word' id='word_1_92' title='bbox 456 1610 563 1684; x_wconf 79' lang='lat' dir='ltr'>opera</span> <span class='ocrx_word' id='word_1_93' title='bbox 586 1594 737 1679; x_wconf 87' lang='lat' dir='ltr'>undique</span> <span class='ocrx_word' id='word_1_94' title='bbox 770 1595 929 1682; x_wconf 87' lang='lat' dir='ltr'>imperat</span> <span class='ocrx_word' id='word_1_95' title='bbox 966 1596 1188 1663; x_wconf 86' lang='lat' dir='ltr'>administrari</span> 
     </span>
     <span class='ocr_line' id='line_1_15' title="bbox 110 1695 1188 1783; baseline 0 -20"><span class='ocrx_word' id='word_1_96' title='bbox 110 1700 219 1771; x_wconf 61' lang='lat' dir='ltr'>{Venit</span> <span class='ocrx_word' id='word_1_97' title='bbox 245 1698 367 1765; x_wconf 89' lang='lat' dir='ltr'>eodem</span> <span class='ocrx_word' id='word_1_98' title='bbox 398 1695 576 1769; x_wconf 60' lang='lat' dir='ltr'>cumanis</span> <span class='ocrx_word' id='word_1_99' title='bbox 595 1695 708 1781; x_wconf 86' lang='lat' dir='ltr'>copiis</span> <span class='ocrx_word' id='word_1_100' title='bbox 728 1708 871 1783; x_wconf 86' lang='lat' dir='ltr'>postero</span> <span class='ocrx_word' id='word_1_101' title='bbox 911 1697 973 1765; x_wconf 88' lang='lat' dir='ltr'>die</span> <span class='ocrx_word' id='word_1_102' title='bbox 1009 1700 1053 1777; x_wconf 87' lang='lat' dir='ltr'>C,</span> <span class='ocrx_word' id='word_1_103' title='bbox 1082 1696 1188 1779; x_wconf 79' lang='lat' dir='ltr'>Fabiu,</span> 
     </span>
     <span class='ocr_line' id='line_1_16' title="bbox 110 1786 904 1894; baseline -0.004 -27"><span class='ocrx_word' id='word_1_104' title='bbox 110 1786 313 1894; x_wconf 79' lang='lat' dir='ltr'>partemque</span> <span class='ocrx_word' id='word_1_105' title='bbox 336 1795 455 1885; x_wconf 89' lang='lat' dir='ltr'>oppidi</span> <span class='ocrx_word' id='word_1_106' title='bbox 476 1797 579 1862; x_wconf 88' lang='lat' dir='ltr'>sumit</span> <span class='ocrx_word' id='word_1_107' title='bbox 599 1795 641 1859; x_wconf 85' lang='lat' dir='ltr'>ad</span> <span class='ocrx_word' id='word_1_108' title='bbox 663 1794 904 1865; x_wconf 86' lang='lat' dir='ltr'>obsidendum.</span> 
     </span>
     <span class='ocr_line' id='line_1_17' title="bbox 114 1897 1188 1989; baseline -0.007 -19"><span class='ocrx_word' id='word_1_109' title='bbox 114 1970 118 1975; x_wconf 86' lang='grc'>,</span> <span class='ocrx_word' id='word_1_110' title='bbox 153 1904 241 1971; x_wconf 71' lang='lat' dir='ltr'>Car.</span> <span class='ocrx_word' id='word_1_111' title='bbox 261 1897 460 1969; x_wconf 81' lang='lat' dir='ltr'><strong>XXXVIII.</strong></span> <span class='ocrx_word' id='word_1_112' title='bbox 505 1897 628 1965; x_wconf 84' lang='lat' dir='ltr'>Caesar</span> <span class='ocrx_word' id='word_1_113' title='bbox 649 1897 788 1965; x_wconf 78' lang='lat' dir='ltr'>interim</span> <span class='ocrx_word' id='word_1_114' title='bbox 807 1899 861 1969; x_wconf 87' lang='lat' dir='ltr'>M.</span> <span class='ocrx_word' id='word_1_115' title='bbox 883 1899 1092 1967; x_wconf 86' lang='lat' dir='ltr'>Antonium</span> <span class='ocrx_word' id='word_1_116' title='bbox 1110 1922 1188 1989; x_wconf 86' lang='lat' dir='ltr'>quae·</span> 
     </span>
     <span class='ocr_line' id='line_1_18' title="bbox 111 1998 1188 2093; baseline -0.006 -21"><span class='ocrx_word' id='word_1_117' title='bbox 111 2018 240 2073; x_wconf 76' lang='lat' dir='ltr'>ctorem</span> <span class='ocrx_word' id='word_1_118' title='bbox 269 2022 348 2066; x_wconf 90' lang='lat' dir='ltr'>cnm</span> <span class='ocrx_word' id='word_1_119' title='bbox 376 1998 572 2064; x_wconf 79' lang='lat' dir='ltr'>cohortibus</span> <span class='ocrx_word' id='word_1_120' title='bbox 603 1999 671 2071; x_wconf 86' lang='lat' dir='ltr'>XV</span> <span class='ocrx_word' id='word_1_121' title='bbox 699 1998 738 2066; x_wconf 87' lang='lat' dir='ltr'>in</span> <span class='ocrx_word' id='word_1_122' title='bbox 758 1998 955 2068; x_wconf 84' lang='lat' dir='ltr'>Bellovacis</span> <span class='ocrx_word' id='word_1_123' title='bbox 978 2004 1138 2093; x_wconf 89' lang='lat' dir='ltr'>reliquit,</span> <span class='ocrx_word' id='word_1_124' title='bbox 1159 2024 1188 2068; x_wconf 87' lang='lat' dir='ltr'>n</span> 
     </span>
     <span class='ocr_line' id='line_1_19' title="bbox 110 2099 1188 2196; baseline -0.003 -24"><span class='ocrx_word' id='word_1_125' title='bbox 110 2102 179 2196; x_wconf 70' lang='lat' dir='ltr'>¹(pru</span> <span class='ocrx_word' id='word_1_126' title='bbox 204 2126 322 2171; x_wconf 89' lang='lat' dir='ltr'>rursus</span> <span class='ocrx_word' id='word_1_127' title='bbox 344 2123 514 2169; x_wconf 85' lang='lat' dir='ltr'>novorum</span> <span class='ocrx_word' id='word_1_128' title='bbox 536 2099 756 2184; x_wconf 83' lang='lat' dir='ltr'>consiliorum</span> <span class='ocrx_word' id='word_1_129' title='bbox 776 2102 819 2167; x_wconf 83' lang='lat' dir='ltr'>ad</span> <span class='ocrx_word' id='word_1_130' title='bbox 840 2102 1067 2190; x_wconf 89' lang='lat' dir='ltr'>capiendum</span> <span class='ocrx_word' id='word_1_131' title='bbox 1087 2107 1188 2173; x_wconf 86' lang='lat' dir='ltr'>belim</span> 
     </span>
     <span class='ocr_line' id='line_1_20' title="bbox 108 2201 1186 2293; baseline -0.007 -16"><span class='ocrx_word' id='word_1_132' title='bbox 108 2209 250 2278; x_wconf 82' lang='lat' dir='ltr'>facultas</span> <span class='ocrx_word' id='word_1_133' title='bbox 284 2203 443 2268; x_wconf 87' lang='lat' dir='ltr'>daretur:</span> <span class='ocrx_word' id='word_1_134' title='bbox 474 2203 549 2291; x_wconf 88' lang='lat' dir='ltr'>ipse</span> <span class='ocrx_word' id='word_1_135' title='bbox 576 2202 724 2289; x_wconf 84' lang='lat' dir='ltr'>reliquas</span> <span class='ocrx_word' id='word_1_136' title='bbox 753 2201 910 2270; x_wconf 83' lang='lat' dir='ltr'>civitates</span> <span class='ocrx_word' id='word_1_137' title='bbox 941 2207 1040 2293; x_wconf 84' lang='lat' dir='ltr'>adit,</span> <span class='ocrx_word' id='word_1_138' title='bbox 1080 2204 1186 2274; x_wconf 76' lang='lat' dir='ltr'>obside</span> 
     </span>
     <span class='ocr_line' id='line_1_21' title="bbox 108 2304 1189 2402; baseline -0.006 -25"><span class='ocrx_word' id='word_1_139' title='bbox 108 2310 226 2402; x_wconf 83' lang='lat' dir='ltr'>plures</span> <span class='ocrx_word' id='word_1_140' title='bbox 251 2307 422 2399; x_wconf 83' lang='lat' dir='ltr'>imperat,</span> <span class='ocrx_word' id='word_1_141' title='bbox 442 2304 611 2377; x_wconf 85' lang='lat' dir='ltr'>¹timentes</span> <span class='ocrx_word' id='word_1_142' title='bbox 633 2306 789 2371; x_wconf 91' lang='lat' dir='ltr'>omnium</span> <span class='ocrx_word' id='word_1_143' title='bbox 813 2304 955 2373; x_wconf 80' lang='lat' dir='ltr'>animos</span> <span class='ocrx_word' id='word_1_144' title='bbox 976 2310 1189 2375; x_wconf 76' lang='lat' dir='ltr'>consolatione</span> 
     </span>
     <span class='ocr_line' id='line_1_22' title="bbox 107 2405 1187 2499; baseline -0.004 -22"><span class='ocrx_word' id='word_1_145' title='bbox 107 2424 215 2477; x_wconf 88' lang='lat' dir='ltr'>sanat.</span> <span class='ocrx_word' id='word_1_146' title='bbox 259 2407 377 2499; x_wconf 89' lang='lat' dir='ltr'>Quum</span> <span class='ocrx_word' id='word_1_147' title='bbox 405 2406 444 2471; x_wconf 93' lang='lat' dir='ltr'>in</span> <span class='ocrx_word' id='word_1_148' title='bbox 475 2405 642 2471; x_wconf 84' lang='lat' dir='ltr'>Carnutes</span> <span class='ocrx_word' id='word_1_149' title='bbox 669 2407 833 2485; x_wconf 84' lang='lat' dir='ltr'>venisset,</span> <span class='ocrx_word' id='word_1_150' title='bbox 872 2430 1034 2493; x_wconf 86' lang='lat' dir='ltr'>quornm</span> <span class='ocrx_word' id='word_1_151' title='bbox 1067 2411 1187 2477; x_wconf 85' lang='lat' dir='ltr'>consilio</span> 
     </span>
     <span class='ocr_line' id='line_1_23' title="bbox 107 2508 1188 2601; baseline -0.006 -19"><span class='ocrx_word' id='word_1_152' title='bbox 107 2515 147 2582; x_wconf 90' lang='lat' dir='ltr'>in</span> <span class='ocrx_word' id='word_1_153' title='bbox 174 2511 309 2579; x_wconf 85' lang='lat' dir='ltr'>civitate</span> <span class='ocrx_word' id='word_1_154' title='bbox 337 2508 515 2598; x_wconf 83' lang='lat' dir='ltr'>superiore</span> <span class='ocrx_word' id='word_1_155' title='bbox 536 2509 780 2576; x_wconf 86' lang='lat' dir='ltr'>commentario</span> <span class='ocrx_word' id='word_1_156' title='bbox 801 2508 932 2576; x_wconf 84' lang='lat' dir='ltr'>Caesar</span> <span class='ocrx_word' id='word_1_157' title='bbox 951 2515 1120 2601; x_wconf 87' lang='lat' dir='ltr'>exposuit</span> <span class='ocrx_word' id='word_1_158' title='bbox 1134 2511 1188 2578; x_wconf 92' lang='lat' dir='ltr'>ini·</span> 
     </span>
     <span class='ocr_line' id='line_1_24' title="bbox 107 2608 1189 2702; baseline -0.005 -20"><span class='ocrx_word' id='word_1_159' title='bbox 107 2617 194 2683; x_wconf 88' lang='lat' dir='ltr'>tium</span> <span class='ocrx_word' id='word_1_160' title='bbox 217 2613 297 2679; x_wconf 87' lang='lat' dir='ltr'>belli</span> <span class='ocrx_word' id='word_1_161' title='bbox 316 2634 387 2677; x_wconf 83' lang='lat' dir='ltr'>cssc</span> <span class='ocrx_word' id='word_1_162' title='bbox 408 2622 539 2690; x_wconf 87' lang='lat' dir='ltr'>ortum,</span> <span class='ocrx_word' id='word_1_163' title='bbox 559 2608 647 2696; x_wconf 92' lang='lat' dir='ltr'>quod</span> <span class='ocrx_word' id='word_1_164' title='bbox 667 2611 851 2698; x_wconf 85' lang='lat' dir='ltr'>praecipue</span> <span class='ocrx_word' id='word_1_165' title='bbox 874 2634 937 2677; x_wconf 92' lang='lat' dir='ltr'>eos</span> <span class='ocrx_word' id='word_1_166' title='bbox 959 2629 1111 2702; x_wconf 87' lang='lat' dir='ltr'>propter</span> <span class='ocrx_word' id='word_1_167' title='bbox 1124 2638 1189 2679; x_wconf 92' lang='lat' dir='ltr'>con·</span> 
     </span>
     <span class='ocr_line' id='line_1_25' title="bbox 110 2711 1231 2803; baseline -0.005 -18"><span class='ocrx_word' id='word_1_168' title='bbox 110 2716 286 2785; x_wconf 88' lang='lat' dir='ltr'>scientiam</span> <span class='ocrx_word' id='word_1_169' title='bbox 309 2712 390 2780; x_wconf 86' lang='lat' dir='ltr'>facti</span> <span class='ocrx_word' id='word_1_170' title='bbox 411 2713 534 2779; x_wconf 82' lang='lat' dir='ltr'>timere</span> <span class='ocrx_word' id='word_1_171' title='bbox 554 2711 861 2792; x_wconf 79' lang='lat' dir='ltr'>animadvertebat,</span> <span class='ocrx_word' id='word_1_172' title='bbox 895 2736 969 2799; x_wconf 95' lang='lat' dir='ltr'>quo</span> <span class='ocrx_word' id='word_1_173' title='bbox 992 2718 1140 2783; x_wconf 85' lang='lat' dir='ltr'>celerius</span> <span class='ocrx_word' id='word_1_174' title='bbox 1154 2716 1190 2780; x_wconf 89' lang='lat' dir='ltr'>ci·</span> <span class='ocrx_word' id='word_1_175' title='bbox 1228 2764 1231 2803; x_wconf 78' lang='lat'><em>;</em></span> 
     </span>
     <span class='ocr_line' id='line_1_26' title="bbox 110 2812 1231 2905; baseline -0.004 -20"><span class='ocrx_word' id='word_1_176' title='bbox 110 2822 251 2886; x_wconf 85' lang='lat' dir='ltr'>vitatem</span> <span class='ocrx_word' id='word_1_177' title='bbox 273 2828 366 2905; x_wconf 83' lang='lat' dir='ltr'>metu</span> <span class='ocrx_word' id='word_1_178' title='bbox 382 2816 552 2892; x_wconf 85' lang='lat' dir='ltr'>liberaret,</span> <span class='ocrx_word' id='word_1_179' title='bbox 574 2812 764 2899; x_wconf 86' lang='lat' dir='ltr'>principem</span> <span class='ocrx_word' id='word_1_180' title='bbox 783 2813 922 2891; x_wconf 81' lang='lat' dir='ltr'>sceleris</span> <span class='ocrx_word' id='word_1_181' title='bbox 940 2816 1056 2903; x_wconf 89' lang='lat' dir='ltr'>ipsius</span> <span class='ocrx_word' id='word_1_182' title='bbox 1079 2830 1112 2884; x_wconf 89' lang='lat' dir='ltr'>et</span> <span class='ocrx_word' id='word_1_183' title='bbox 1124 2842 1189 2882; x_wconf 91' lang='lat' dir='ltr'>con·</span> <span class='ocrx_word' id='word_1_184' title='bbox 1229 2828 1231 2835; x_wconf 89' lang='lat'>&#39;</span> 
     </span>
     <span class='ocr_line' id='line_1_27' title="bbox 25 2914 1189 3011; baseline -0.008 -21"><span class='ocrx_word' id='word_1_185' title='bbox 25 3004 29 3011; x_wconf 30' lang='grc' dir='ltr'>Ι</span> <span class='ocrx_word' id='word_1_186' title='bbox 110 2923 287 2991; x_wconf 83' lang='lat' dir='ltr'>ritatorem</span> <span class='ocrx_word' id='word_1_187' title='bbox 322 2916 419 2995; x_wconf 89' lang='lat' dir='ltr'>belli,</span> <span class='ocrx_word' id='word_1_188' title='bbox 463 2914 688 2993; x_wconf 87' lang='lat' dir='ltr'>Gutruatum,</span> <span class='ocrx_word' id='word_1_189' title='bbox 717 2914 758 2977; x_wconf 86' lang='lat' dir='ltr'>ad</span> <span class='ocrx_word' id='word_1_190' title='bbox 787 2916 1006 3003; x_wconf 83' lang='lat' dir='ltr'>supplicium</span> <span class='ocrx_word' id='word_1_191' title='bbox 1040 2920 1189 3011; x_wconf 65' lang='lat' dir='ltr'>deposcite</span> 
     </span>
     <span class='ocr_line' id='line_1_28' title="bbox 108 3010 1232 3107; baseline -0.002 -22"><span class='ocrx_word' id='word_1_192' title='bbox 108 3021 189 3107; x_wconf 87' lang='lat' dir='ltr'>qui,</span> <span class='ocrx_word' id='word_1_193' title='bbox 209 3020 271 3084; x_wconf 86' lang='lat' dir='ltr'>etsi</span> <span class='ocrx_word' id='word_1_194' title='bbox 292 3041 336 3083; x_wconf 85' lang='lat' dir='ltr'>ns</span> <span class='ocrx_word' id='word_1_195' title='bbox 357 3018 489 3082; x_wconf 86' lang='lat' dir='ltr'>civibus</span> <span class='ocrx_word' id='word_1_196' title='bbox 509 3017 647 3105; x_wconf 90' lang='lat' dir='ltr'>quidem</span> <span class='ocrx_word' id='word_1_197' title='bbox 668 3014 737 3081; x_wconf 85' lang='lat' dir='ltr'>suis</span> <span class='ocrx_word' id='word_1_198' title='bbox 754 3036 790 3080; x_wconf 85' lang='lat' dir='ltr'>se</span> <span class='ocrx_word' id='word_1_199' title='bbox 805 3018 1075 3103; x_wconf 87' lang='lat' dir='ltr'>committebat,</span> <span class='ocrx_word' id='word_1_200' title='bbox 1095 3036 1190 3088; x_wconf 86' lang='lat' dir='ltr'>tamen</span> <span class='ocrx_word' id='word_1_201' title='bbox 1229 3010 1232 3063; x_wconf 85' lang='lat'>!</span> 
     </span>
     <span class='ocr_line' id='line_1_29' title="bbox 110 3116 1190 3209; baseline -0.003 -23"><span class='ocrx_word' id='word_1_202' title='bbox 110 3120 286 3203; x_wconf 79' lang='lat' dir='ltr'>celeriter,</span> <span class='ocrx_word' id='word_1_203' title='bbox 318 3118 474 3183; x_wconf 91' lang='lat' dir='ltr'>omnium</span> <span class='ocrx_word' id='word_1_204' title='bbox 496 3140 577 3184; x_wconf 89' lang='lat' dir='ltr'>cura</span> <span class='ocrx_word' id='word_1_205' title='bbox 594 3117 779 3206; x_wconf 87' lang='lat' dir='ltr'>quaesitus,</span> <span class='ocrx_word' id='word_1_206' title='bbox 798 3116 836 3182; x_wconf 93' lang='lat' dir='ltr'>in</span> <span class='ocrx_word' id='word_1_207' title='bbox 855 3133 971 3187; x_wconf 87' lang='lat' dir='ltr'>castra</span> <span class='ocrx_word' id='word_1_208' title='bbox 994 3124 1190 3209; x_wconf 83' lang='lat' dir='ltr'>perducitur.</span> 
     </span>
     <span class='ocr_line' id='line_1_30' title="bbox 109 3218 1232 3311; baseline -0.001 -22"><span class='ocrx_word' id='word_1_209' title='bbox 109 3222 252 3311; x_wconf 81' lang='lat' dir='ltr'>Cogitur</span> <span class='ocrx_word' id='word_1_210' title='bbox 271 3220 311 3287; x_wconf 91' lang='lat' dir='ltr'>iu</span> <span class='ocrx_word' id='word_1_211' title='bbox 328 3219 399 3285; x_wconf 88' lang='lat' dir='ltr'>eius</span> <span class='ocrx_word' id='word_1_212' title='bbox 412 3218 619 3310; x_wconf 84' lang='lat' dir='ltr'>supplicium</span> <span class='ocrx_word' id='word_1_213' title='bbox 641 3222 761 3284; x_wconf 86' lang='lat' dir='ltr'>Caesar</span> <span class='ocrx_word' id='word_1_214' title='bbox 774 3231 895 3286; x_wconf 86' lang='lat' dir='ltr'>contra</span> <span class='ocrx_word' id='word_1_215' title='bbox 912 3236 1084 3294; x_wconf 85' lang='lat' dir='ltr'>naturam</span> <span class='ocrx_word' id='word_1_216' title='bbox 1100 3244 1189 3303; x_wconf 85' lang='lat' dir='ltr'>suan,</span> <span class='ocrx_word' id='word_1_217' title='bbox 1229 3254 1232 3301; x_wconf 69' lang='grc' dir='ltr'><strong>ς</strong></span> 
     </span>
    </p>
   </div>
   <div class='ocr_carea' id='block_1_3' title="bbox 53 3434 1199 3918">
    <p class='ocr_par' dir='ltr' id='par_1_3' title="bbox 53 3434 1199 3918">
     <span class='ocr_line' id='line_1_31' title="bbox 142 3434 1190 3512; baseline 0.001 -24"><span class='ocrx_word' id='word_1_218' title='bbox 142 3480 148 3497; x_wconf 74' lang='grc'>,</span> <span class='ocrx_word' id='word_1_219' title='bbox 175 3438 244 3505; x_wconf 78' lang='lat' dir='ltr'>Cap.</span> <span class='ocrx_word' id='word_1_220' title='bbox 259 3434 409 3496; x_wconf 83' lang='lat' dir='ltr'>xxxvm.</span> <span class='ocrx_word' id='word_1_221' title='bbox 442 3452 574 3489; x_wconf 76' lang='lat' dir='ltr'>novorum</span> <span class='ocrx_word' id='word_1_222' title='bbox 590 3435 764 3489; x_wconf 80' lang='lat' dir='ltr'>consiliorum</span> <span class='ocrx_word' id='word_1_223' title='bbox 779 3437 820 3489; x_wconf 80' lang='lat' dir='ltr'>cd</span> <span class='ocrx_word' id='word_1_224' title='bbox 836 3447 899 3503; x_wconf 74' lang='lat' dir='ltr'>cap.</span> <span class='ocrx_word' id='word_1_225' title='bbox 913 3436 1004 3512; x_wconf 64' lang='lat' dir='ltr'>batt]</span> <span class='ocrx_word' id='word_1_226' title='bbox 1039 3440 1190 3493; x_wconf 81' lang='lat' dir='ltr'>EineEml-</span> 
     </span>
     <span class='ocr_line' id='line_1_32' title="bbox 108 3504 1190 3579; baseline -0.001 -20"><span class='ocrx_word' id='word_1_227' title='bbox 108 3510 183 3575; x_wconf 77' lang='lat' dir='ltr'>lage,</span> <span class='ocrx_word' id='word_1_228' title='bbox 201 3520 418 3558; x_wconf 68' lang='lat' dir='ltr'>stamineorum</span> <span class='ocrx_word' id='word_1_229' title='bbox 435 3504 842 3571; x_wconf 81' lang='lat' dir='ltr'>consil.bellicapiend0m1n.&#39;</span> <span class='ocrx_word' id='word_1_230' title='bbox 863 3505 926 3556; x_wconf 87' lang='lat' dir='ltr'>Unt.</span> <span class='ocrx_word' id='word_1_231' title='bbox 952 3526 980 3560; x_wconf 89' lang='lat' dir='ltr'>c.</span> <span class='ocrx_word' id='word_1_232' title='bbox 1000 3513 1046 3579; x_wconf 85' lang='lat'>47.</span> <span class='ocrx_word' id='word_1_233' title='bbox 1086 3507 1190 3563; x_wconf 77' lang='lat' dir='ltr'>consr&#39;lis</span> 
     </span>
     <span class='ocr_line' id='line_1_33' title="bbox 109 3573 1190 3648; baseline -0.006 -17"><span class='ocrx_word' id='word_1_234' title='bbox 109 3577 178 3631; x_wconf 72' lang='lat' dir='ltr'>betti</span> <span class='ocrx_word' id='word_1_235' title='bbox 200 3575 408 3648; x_wconf 83' lang='lat' dir='ltr'>quaerentibus.</span> <span class='ocrx_word' id='word_1_236' title='bbox 440 3574 518 3625; x_wconf 82' lang='lat' dir='ltr'>Docli</span> <span class='ocrx_word' id='word_1_237' title='bbox 539 3573 621 3624; x_wconf 83' lang='lat' dir='ltr'>findet</span> <span class='ocrx_word' id='word_1_238' title='bbox 641 3592 704 3625; x_wconf 73' lang='lat' dir='ltr'>men</span> <span class='ocrx_word' id='word_1_239' title='bbox 729 3575 829 3626; x_wconf 84' lang='lat' dir='ltr'>bellum</span> <span class='ocrx_word' id='word_1_240' title='bbox 855 3592 978 3643; x_wconf 80' lang='lat' dir='ltr'>capere,</span> <span class='ocrx_word' id='word_1_241' title='bbox 1001 3592 1034 3629; x_wconf 86' lang='lat' dir='ltr'>st.</span> <span class='ocrx_word' id='word_1_242' title='bbox 1063 3581 1190 3645; x_wconf 68' lang='lat' dir='ltr'>sincipita</span> 
     </span>
     <span class='ocr_line' id='line_1_34' title="bbox 109 3644 1189 3709; baseline -0.001 -12"><span class='ocrx_word' id='word_1_243' title='bbox 109 3649 202 3700; x_wconf 72' lang='lat' dir='ltr'>iussin.</span> <span class='ocrx_word' id='word_1_244' title='bbox 219 3644 312 3705; x_wconf 81' lang='lat' dir='ltr'>xxiv,</span> <span class='ocrx_word' id='word_1_245' title='bbox 333 3660 355 3701; x_wconf 90' lang='lat'>1,</span> <span class='ocrx_word' id='word_1_246' title='bbox 374 3644 400 3697; x_wconf 74' lang='grc' dir='ltr'>ὅ.</span> <span class='ocrx_word' id='word_1_247' title='bbox 417 3662 450 3693; x_wconf 89' lang='lat' dir='ltr'>ne</span> <span class='ocrx_word' id='word_1_248' title='bbox 471 3661 533 3694; x_wconf 88' lang='lat' dir='ltr'>cum</span> <span class='ocrx_word' id='word_1_249' title='bbox 548 3644 697 3706; x_wconf 82' lang='lat' dir='ltr'>Antigono,</span> <span class='ocrx_word' id='word_1_250' title='bbox 716 3644 764 3694; x_wconf 84' lang='lat' dir='ltr'>snb</span> <span class='ocrx_word' id='word_1_251' title='bbox 782 3645 856 3695; x_wconf 78' lang='lat' dir='ltr'>cuius</span> <span class='ocrx_word' id='word_1_252' title='bbox 874 3660 962 3709; x_wconf 78' lang='lat' dir='ltr'>regno</span> <span class='ocrx_word' id='word_1_253' title='bbox 979 3660 1080 3707; x_wconf 77' lang='lat' dir='ltr'>erant,</span> <span class='ocrx_word' id='word_1_254' title='bbox 1104 3645 1189 3699; x_wconf 74' lang='lat' dir='ltr'>belim</span> 
     </span>
     <span class='ocr_line' id='line_1_35' title="bbox 111 3712 1190 3803; baseline -0.003 -37"><span class='ocrx_word' id='word_1_255' title='bbox 111 3719 219 3783; x_wconf 73' lang='lat' dir='ltr'>cepisse</span> <span class='ocrx_word' id='word_1_256' title='bbox 232 3713 391 3765; x_wconf 77' lang='lat' dir='ltr'>viderentur.</span> <span class='ocrx_word' id='word_1_257' title='bbox 422 3714 508 3765; x_wconf 80' lang='lat' dir='ltr'>Daiiir</span> <span class='ocrx_word' id='word_1_258' title='bbox 530 3730 636 3764; x_wconf 76' lang='lat' dir='ltr'>sumere</span> <span class='ocrx_word' id='word_1_259' title='bbox 659 3712 770 3803; x_wconf 72' lang='lat' dir='ltr'>bellntp·</span> <span class='ocrx_word' id='word_1_260' title='bbox 803 3712 963 3777; x_wconf 79' lang='lat' dir='ltr'>s.0b.tt1‚</span> <span class='ocrx_word' id='word_1_261' title='bbox 984 3714 1027 3766; x_wconf 76' lang='lat'>14.</span> <span class='ocrx_word' id='word_1_262' title='bbox 1063 3714 1190 3769; x_wconf 74' lang='lat' dir='ltr'>Dukeran</span> 
     </span>
     <span class='ocr_line' id='line_1_36' title="bbox 112 3784 1199 3847; baseline -0.01 -9"><span class='ocrx_word' id='word_1_263' title='bbox 112 3786 184 3838; x_wconf 63' lang='lat' dir='ltr'>litor.</span> <span class='ocrx_word' id='word_1_264' title='bbox 201 3784 248 3845; x_wconf 85' lang='lat' dir='ltr'>lv,</span> <span class='ocrx_word' id='word_1_265' title='bbox 268 3797 309 3831; x_wconf 78' lang='lat' dir='ltr'>ta·</span> <span class='ocrx_word' id='word_1_266' title='bbox 542 3810 546 3817; x_wconf 88' lang='lat'>·</span> <span class='ocrx_word' id='word_1_267' title='bbox 703 3804 706 3809; x_wconf 95' lang='lat'>·</span> <span class='ocrx_word' id='word_1_268' title='bbox 891 3820 894 3831; x_wconf 93' lang='lat'><em>.</em></span> <span class='ocrx_word' id='word_1_269' title='bbox 1195 3838 1199 3847; x_wconf 32' lang='grc' dir='ltr'>ι</span> 
     </span>
     <span class='ocr_line' id='line_1_37' title="bbox 53 3847 1188 3918; baseline 0.002 -17"><span class='ocrx_word' id='word_1_270' title='bbox 53 3868 56 3872; x_wconf 93' lang='grc'><em>·</em></span> <span class='ocrx_word' id='word_1_271' title='bbox 182 3862 281 3902; x_wconf 82' lang='lat' dir='ltr'>contro</span> <span class='ocrx_word' id='word_1_272' title='bbox 298 3850 445 3918; x_wconf 81' lang='lat' dir='ltr'>naturam]</span> <span class='ocrx_word' id='word_1_273' title='bbox 479 3851 541 3901; x_wconf 87' lang='lat' dir='ltr'>Unt.</span> <span class='ocrx_word' id='word_1_274' title='bbox 566 3866 588 3898; x_wconf 89' lang='lat' dir='ltr'>c.</span> <span class='ocrx_word' id='word_1_275' title='bbox 611 3847 653 3899; x_wconf 74' lang='grc'>44.</span> <span class='ocrx_word' id='word_1_276' title='bbox 678 3867 760 3915; x_wconf 87' lang='lat' dir='ltr'>quum</span> <span class='ocrx_word' id='word_1_277' title='bbox 787 3867 866 3901; x_wconf 84' lang='lat' dir='ltr'>suom</span> <span class='ocrx_word' id='word_1_278' title='bbox 889 3848 1037 3904; x_wconf 83' lang='lat' dir='ltr'>lenitaten</span> <span class='ocrx_word' id='word_1_279' title='bbox 1058 3852 1188 3905; x_wconf 70' lang='lat' dir='ltr'>coenum</span> 
     </span>
    </p>
   </div>
   <div class='ocr_carea' id='block_1_4' title="bbox 6 3915 1189 3985">
    <p class='ocr_par' dir='ltr' id='par_1_4' title="bbox 6 3915 1189 3985">
     <span class='ocr_line' id='line_1_38' title="bbox 6 3915 1189 3985; baseline -0.003 -13"><span class='ocrx_word' id='word_1_280' title='bbox 6 3968 11 3977; x_wconf 88' lang='grc'><strong>,</strong></span> <span class='ocrx_word' id='word_1_281' title='bbox 114 3921 238 3972; x_wconf 75' lang='lat' dir='ltr'>omnibns</span> <span class='ocrx_word' id='word_1_282' title='bbox 257 3916 349 3967; x_wconf 76' lang='lat' dir='ltr'>sciret..</span> <span class='ocrx_word' id='word_1_283' title='bbox 377 3919 480 3985; x_wconf 81' lang='lat' dir='ltr'>Turpia</span> <span class='ocrx_word' id='word_1_284' title='bbox 502 3917 536 3968; x_wconf 88' lang='lat' dir='ltr'>de</span> <span class='ocrx_word' id='word_1_285' title='bbox 560 3915 647 3968; x_wconf 71' lang='lat' dir='ltr'>Crissd</span> <span class='ocrx_word' id='word_1_286' title='bbox 668 3918 835 3983; x_wconf 77' lang='lat' dir='ltr'>beschuldigt</span> <span class='ocrx_word' id='word_1_287' title='bbox 856 3918 915 3969; x_wconf 85' lang='lat' dir='ltr'>hier</span> <span class='ocrx_word' id='word_1_288' title='bbox 943 3920 1002 3972; x_wconf 84' lang='lat' dir='ltr'>den</span> <span class='ocrx_word' id='word_1_289' title='bbox 1028 3921 1132 3973; x_wconf 80' lang='lat' dir='ltr'>Hirtius</span> <span class='ocrx_word' id='word_1_290' title='bbox 1152 3920 1189 3969; x_wconf 81' lang='lat' dir='ltr'>det</span> 
     </span>
    </p>
   </div>
   <div class='ocr_carea' id='block_1_5' title="bbox 106 3985 1188 4270">
    <p class='ocr_par' dir='ltr' id='par_1_5' title="bbox 106 3985 1188 4270">
     <span class='ocr_line' id='line_1_39' title="bbox 112 3985 1188 4046; baseline -0.011 -5"><span class='ocrx_word' id='word_1_291' title='bbox 112 3988 321 4045; x_wconf 82' lang='lat' dir='ltr'>Schmeichelei,</span> <span class='ocrx_word' id='word_1_292' title='bbox 338 3985 390 4036; x_wconf 84' lang='lat' dir='ltr'>den</span> <span class='ocrx_word' id='word_1_293' title='bbox 407 3987 501 4038; x_wconf 74' lang='lat' dir='ltr'>Caeam</span> <span class='ocrx_word' id='word_1_294' title='bbox 517 3987 579 4036; x_wconf 80' lang='lat' dir='ltr'>aber</span> <span class='ocrx_word' id='word_1_295' title='bbox 596 3987 643 4036; x_wconf 87' lang='lat' dir='ltr'>der</span> <span class='ocrx_word' id='word_1_296' title='bbox 659 3985 849 4041; x_wconf 61' lang='lat' dir='ltr'>Gransamieit„</span> <span class='ocrx_word' id='word_1_297' title='bbox 891 3987 945 4039; x_wconf 82' lang='lat' dir='ltr'>Dis</span> <span class='ocrx_word' id='word_1_298' title='bbox 960 4003 1021 4045; x_wconf 65' lang='lat' dir='ltr'>unt,</span> <span class='ocrx_word' id='word_1_299' title='bbox 1047 4008 1073 4046; x_wconf 62' lang='grc' dir='ltr'>ο,</span> <span class='ocrx_word' id='word_1_300' title='bbox 1097 3990 1138 4043; x_wconf 75' lang='grc'>44,</span> <span class='ocrx_word' id='word_1_301' title='bbox 1153 4005 1188 4037; x_wconf 57' lang='grc' dir='ltr'>ω-</span> 
     </span>
     <span class='ocr_line' id='line_1_40' title="bbox 111 4053 1186 4123; baseline -0.005 -10"><span class='ocrx_word' id='word_1_302' title='bbox 111 4059 196 4109; x_wconf 68' lang='lat' dir='ltr'>uthica</span> <span class='ocrx_word' id='word_1_303' title='bbox 223 4055 395 4123; x_wconf 78' lang='lat' dir='ltr'>Behsndtnug</span> <span class='ocrx_word' id='word_1_304' title='bbox 418 4056 465 4108; x_wconf 87' lang='lat' dir='ltr'>der</span> <span class='ocrx_word' id='word_1_305' title='bbox 490 4056 608 4117; x_wconf 72' lang='lat' dir='ltr'>Gallier,</span> <span class='ocrx_word' id='word_1_306' title='bbox 638 4054 801 4120; x_wconf 79' lang='lat' dir='ltr'>wirdjeder</span> <span class='ocrx_word' id='word_1_307' title='bbox 822 4056 894 4107; x_wconf 85' lang='lat' dir='ltr'>noch</span> <span class='ocrx_word' id='word_1_308' title='bbox 917 4055 1119 4111; x_wconf 76' lang='lat' dir='ltr'>schrenlilicher</span> <span class='ocrx_word' id='word_1_309' title='bbox 1143 4053 1186 4109; x_wconf 73' lang='lat' dir='ltr'>ond</span> 
     </span>
     <span class='ocr_line' id='line_1_41' title="bbox 110 4120 1186 4188; baseline -0.008 -8"><span class='ocrx_word' id='word_1_310' title='bbox 110 4127 321 4179; x_wconf 78' lang='lat' dir='ltr'>schaudsrvollor</span> <span class='ocrx_word' id='word_1_311' title='bbox 344 4124 442 4177; x_wconf 76' lang='lat' dir='ltr'>finden·</span> <span class='ocrx_word' id='word_1_312' title='bbox 475 4123 523 4174; x_wconf 77' lang='lat' dir='ltr'>tet</span> <span class='ocrx_word' id='word_1_313' title='bbox 546 4127 623 4175; x_wconf 79' lang='lat' dir='ltr'>sollte</span> <span class='ocrx_word' id='word_1_314' title='bbox 645 4126 778 4188; x_wconf 45' lang='lat' dir='ltr'>naeinam.</span> <span class='ocrx_word' id='word_1_315' title='bbox 804 4120 853 4175; x_wconf 74' lang='lat' dir='ltr'>der</span> <span class='ocrx_word' id='word_1_316' title='bbox 872 4124 934 4175; x_wconf 79' lang='lat' dir='ltr'>hier</span> <span class='ocrx_word' id='word_1_317' title='bbox 952 4130 1092 4180; x_wconf 64' lang='lat' dir='ltr'>erwihnts</span> <span class='ocrx_word' id='word_1_318' title='bbox 1108 4130 1186 4179; x_wconf 66' lang='lat' dir='ltr'>Beue·</span> 
     </span>
     <span class='ocr_line' id='line_1_42' title="bbox 106 4192 1185 4270; baseline -0.018 -18"><span class='ocrx_word' id='word_1_319' title='bbox 106 4194 284 4270; x_wconf 76' lang='lat' dir='ltr'>gungsgrund</span> <span class='ocrx_word' id='word_1_320' title='bbox 305 4222 339 4235; x_wconf 86' lang='lat'>-·-</span> <span class='ocrx_word' id='word_1_321' title='bbox 364 4195 476 4269; x_wconf 78' lang='lat' dir='ltr'>cogitur</span> <span class='ocrx_word' id='word_1_322' title='bbox 500 4195 616 4247; x_wconf 65' lang='lat' dir='ltr'>monimo</span> <span class='ocrx_word' id='word_1_323' title='bbox 640 4192 757 4245; x_wconf 79' lang='lat' dir='ltr'>militum</span> <span class='ocrx_word' id='word_1_324' title='bbox 775 4209 926 4256; x_wconf 78' lang='lat' dir='ltr'>concursu,</span> <span class='ocrx_word' id='word_1_325' title='bbox 940 4212 979 4237; x_wconf 79' lang='grc' dir='ltr'>-ι,</span> <span class='ocrx_word' id='word_1_326' title='bbox 1003 4203 1077 4249; x_wconf 61' lang='lat' dir='ltr'>wa„</span> <span class='ocrx_word' id='word_1_327' title='bbox 1095 4196 1185 4250; x_wconf 54' lang='lat' dir='ltr'>cmm</span> 
     </span>
    </p>
   </div>
   <div class='ocr_carea' id='block_1_6' title="bbox 0 0 1314 4554">
    <p class='ocr_par' dir='ltr' id='par_1_6' title="bbox 0 0 1314 4554">
     <span class='ocr_line' id='line_1_43' title="bbox 0 0 1314 4554; baseline 0 0"><span class='ocrx_word' id='word_1_328' title='bbox 0 0 1314 4554; x_wconf 95' lang='lat' dir='ltr'> </span> 
     </span>
    </p>
   </div>
  </div>
 </body>
</html>
