2618 4554
100 196 164 297 ,⁵⁰⁶
398 164 879 289 ostroncassaars
959 298 964 317 .

1 429 3 435 .
107 388 173 455 qne
186 363 377 433 civitatibus
401 365 544 443 consilia
570 368 841 450 communicare,
875 391 897 433 a
919 370 1080 439 Treviris
1097 372 1177 440 Get-

106 490 225 537 manos
245 467 374 534 crebris
399 467 625 555 legationibus
645 470 841 549 sollicitari,
868 462 1038 547 maturius
1060 474 1126 541 sibi
1142 474 1177 539 sle

106 569 197 637 bello
211 568 427 656 cogitandum
445 568 588 656 putavit.
1046 612 1050 621 -
1104 598 1127 661 ..e
1221 558 1223 563 ¹

132 672 312 753 crem.
351 671 474 758 ltaque
493 673 648 736 nondum
671 669 785 737 bieme
807 671 982 751 confecta,
1016 674 1177 763 proximu

62 778 64 785 '
106 782 255 862 quatuor
272 772 460 865 legionibus
483 773 624 855 coactis,
654 774 696 837 de
718 774 907 862 improviso
929 774 967 841 in
987 774 1076 841 fines
1098 766 1178 843 Ner-

19 888 26 913 ”
107 877 245 942 riorum
259 870 444 953 contendit,
467 887 500 940 et
514 875 621 962 prius,
652 896 753 961 quarn
770 877 821 940 illi
837 891 897 944 aut
918 878 1108 943 convenire
1129 888 1179 942 aot

107 974 293 1066 profugere
309 988 457 1064 possent,
487 998 609 1063 magno
635 962 766 1063 pecoris
790 990 894 1066 atque
915 978 1098 1045 hominum
1120 1002 1178 1045 nu·

107 1100 206 1144 mero
222 1091 330 1166 capto,
347 1090 447 1165 atque
463 1098 503 1141 ea
520 1077 648 1166 praeda
667 1078 831 1145 militibus
856 1102 1014 1146 concessa
1033 1083 1179 1147 vastatis·

14 1222 23 1237 ,
50 1171 57 1189 ⁸
108 1203 175 1268 que
192 1182 292 1268 agris,
312 1179 361 1257 in,
374 1177 580 1246 deditionem
601 1179 721 1244 venire
737 1182 839 1268 atqu'e
863 1180 997 1247 obsides
1023 1182 1090 1247 sibi
1108 1182 1179 1247 darc

109 1283 231 1370 coegit.
273 1278 329 1346 Εο’
340 1281 496 1369 celeriter
513 1280 666 1347 confecto
684 1284 832 1370 negotio,
846 1270 968 1349 'rnrstis
981 1282 1133 1371 legiones
1146 1283 1178 1347 in

30 1460 32 1467 Ι
108 1384 254 1449 hiberna
268 1383 435 1477 reduxit.¹
463 1383 617 1449 Concilio
634 1382 765 1450 Galliae
785 1386 899 1474 primo
919 1404 1024 1463 vere,
1057 1384 1109 1450 uti
1129 1385 1178 1449 iu⁴

109 1486 282 1563 stituerst‚
302 1482 450 1561 indicto,
474 1506 578 1569 quum
596 1484 736 1572 reliqui,
758 1499 894 1574 praeter
908 1485 1082 1565 Senones,
1099 1485 1178 1551 Cur·

108 1599 209 1653 nutes
229 1586 471 1671 Trevirosque,
498 1585 679 1666 venissent,
697 1585 834 1654 initium
856 1587 936 1673 belli
959 1602 1011 1651 ac'
1025 1584 1179 1653 defectio-

107 1687 164 1754 nis
181 1687 245 1753 hoc
259 1708 330 1753 esse
351 1687 611 1767 arbitratus,-ut
630 1689 746 1753 omnia
767 1699 975 1776 postponere
1000 1684 1179 1766 videretur,

109 1789 294 1881 conoilium
333 1787 504 1853 Lutetiam
545 1786 754 1883 Parisiorum
794 1789 968 1856 transfert.¹
1028 1788 1180 1856 Confines

110 1904 210 1957 eraut
222 1889 259 1956 hi
275 1889 479 1971 Senonibus,
496 1878 736 1975 civitatemque
757 1891 1089 1978 patrum-memorie·
1106 1911 1180 1955 con·

46 1982 49 1989 ¹
108 1991 312 2073 iunxerant3
343 1991 401 2057 sed
424 1990 466 2054 ab
489 1988 555 2055 hoc
577 1988 718 2056 consilio
743 1991 867 2058 afuisse
891 1993 1180 2058 existimabantur.

35 2102 40 2163 ζ
110 2093 183 2161 Hac
197 2117 238 2159 re
250 2117 315 2182 pro
327 2106 485 2182 suggestu
502 2092 734 2189 pronunciata,
756 2095 878 2159 eodem'
899 2093 954 2160 die
979 2105 1058 2160 e'um
1080 2092 1181 2185 legio-

109 2196 211 2261 nibus
235 2197 274 2262 in
294 2196 445 2263 Senones
464 2192 704 2282 proficiscitur,
728 2195 927 2282 magnisque
945 2195 1129 2271 itineribus
1146 2213 1182 2258 eo

22 2290 24 2297 ¹
101 2296 278 2385 pervenit.
971 2304 975 2314 '

154 2397 242 2462 Car.
260 2398 323 2466 IV.
367 2394 511 2484 Cognito
538 2393 609 2460 eius
634 2393 800 2478 adventu,
821 2396 925 2476 Acco,
953 2396 1011 2484 qui
1029 2397 1202 2487 princeps

111 2496 183 2561 eius
200 2495 333 2561 consilii
347 2495 477 2576 fuerat,
513 2495 609 2561 iubet
628 2494 664 2561 in
689 2498 814 2586 oppida
835 2498 1090 2566 multitudinem
1106 2520 1183 2564 oon-

109 2599 252 2680 venire3
273 2599 491 2678 conantibus,
511 2597 608 2685 prius
634 2619 735 2683 quarn
761 2599 797 2665 id
819 2599 907 2665 effici
923 2613 1055 2690 posset,
1074 2602 1182 2666 adesse

109 2697 283 2767 Romanos
298 2700 498 2779 nunciatum
520 2699 709 2763 necessmio
728 2700 893 2767 sententia
913 2701 1081 2767 desistunt
1093 2702 1183 2788 lega·

94 2814 231 2887 .tosque
245 2800 449 2889 deprecandi
474 2821 588 2863 caussa
612 2800 652 2864 ad
672 2799 851 2867 Caesarem
872 2803 1014 2869 mittunt
1021 2829 1033 2884 ς
1063 2803 1184 2868 adeunt

7 2930 13 2973 ;
111 2923 177 2990 per
193 2903 340 2982 Aeduos,
361 2922 509 2989 quorum
523 2900 706 2991 antiquitus
722 2902 844 2968 eratin
867 2902 935 2976 fide
957 2904 1086 2971 civitas.
1128 2903 1185 2969 Li·
1221 2952 1223 2957 -

112 3001 235 3069 benter
251 3004 375 3083 Caesar
396 3002 588 3092 petentibus
608 3002 733 3069 Aeduis
757 3005 816 3069 dat
834 3005 971 3069 veniam
998 3003 1185 3073 excusatio·

112 3124 260 3191 nemque
281 3105 405 3194 accipit
412 3130 424 3189 3
461 3101 553 3190 quod
575 3103 741 3170 aestivum
764 3117 902 3194 tempus
920 3104 1079 3171 instantis
1098 3105 1184 3187 belli,

116 3348 119 3355 ν
180 3322 299 3374 consilia
316 3320 526 3389 communicare]
562 3320 643 3372 Niobe
655 3321 727 3370 bloss
753 3319 797 3372 die
814 3322 894 3372 Plane
910 3320 1037 3371 einander
1052 3320 1185 3388 gegensdi·

113 3392 153 3457 tig
170 3393 334 3456 mittlreilen3
364 3390 479 3440 sondern
495 3390 773 3462 gemeinschaftlich
792 3392 883 3442 Socho
900 3391 1032 3449 macheu,
1059 3392 1184 3443 Verabre·

113 3460 187 3526 dung
213 3461 323 3528 treffen.
346 3461 412 3526 Nep.
438 3458 529 3524 Pelop.
553 3460 588 3518 ΙΙ,
612 3475 637 3508 2.
661 3461 844 3518 communiter,
867 3460 912 3524 qui
937 3459 1010 3508 idem
1033 3459 1183 3518 sentiebant,

37 3541 39 3547 “
113 3528 189 3579 diem
213 3529 373 3596 delegerunt,
396 3527 452 3577 Cic.
473 3544 522 3595 pro
545 3527 620 3576 Rosc.
642 3525 733 3578 Amen
753 3528 797 3595 49.
821 3532 959 3580 rationem
978 3531 1184 3579 communicem·

113 3597 168 3653 Das
184 3598 253 3648 oben
270 3611 387 3663 gesagte:
417 3595 451 3645 de
473 3596 597 3713 pecnnia
612 3606 728 3654 covent,
759 3615 849 3648 woran
864 3596 976 3646 manche
991 3593 1102 3645 Austoss
1120 3595 1184 3645 neb·

113 3681 192 3727 men,
209 3664 304 3717 erllirt
328 3665 384 3716 sich
408 3663 472 3713 duro
515 3664 560 3713 das
579 3665 831 3715 Hinzrnnsetzende:
856 3665 1004 3723 solvenda,
1027 3681 1081 3715 von
1097 3665 1183 3714 selbst·

112 3734 189 3785 Eben
207 3754 236 3785 so
253 3736 321 3786 steht
336 3747 417 3785 unten
435 3732 492 3791 vll,
511 3748 536 3783 2.
554 3733 587 3782 de
608 3733 748 3784 obsidibus
765 3752 872 3787 cauere.
906 3733 995 3798 Vergl.
1013 3745 1070 3783 unt·
1088 3751 1111 3784 c.
1130 3732 1168 3782 13.

181 3821 246 3888 Cap.
262 3822 307 3872 lv.
343 3816 519 3885 cloncntibns]
552 3816 640 3867 Dnrch
661 3817 706 3865 das
724 3818 861 3882 folgende:
880 3820 1045 3889 priusquam
1064 3818 1094 3869 id
1109 3839 1123 3868 e
1131 3817 1184 3884 fici

120 3898 216 3955 ¹osset,
231 3887 327 3940 erltliirt
346 3886 393 3937 der
410 3886 597 3937 Sebriststeller
612 3885 700 3943 selbst,
722 3902 775 3936 was
793 3890 893 3937 conari
912 3888 963 3951 εἰς.
988 3886 1083 3939 beisse.
1133 3881 1181 3937 bea

110 3891 142 4005 io
163 3957 218 4007 Cic.
236 3959 269 4009 ad
287 3959 347 4009 Div.
364 3957 396 4016 V,
418 3970 458 4007 12.
474 3958 554 4006 Haec
579 3972 665 4026 ogere
688 3972 773 4021 saepe
795 3966 949 4015 conantem,
973 3956 1112 4008 deterruit
1123 3974 1181 4074 pu-

109 4025 170 4076 aar.
203 4026 293 4091 Vergl.
312 4027 378 4093 Nep.
395 4026 499 4075 Datum.
516 4024 575 4080 Vll,
598 4040 620 4072 ι.
646 4023 702 4072 Liv.
718 4023 789 4083 XXI,
809 4025 853 4091 39.
876 4034 981 4074 conatu
1004 4034 1064 4076 tam
1085 4042 1122 4076 ou
1141 4022 1183 4075 aci

106 4094 338 4146 ‘recidendorum
350 4093 464 4161 Alpium
484 4102 513 4142 et
531 4090 642 4157 effectu.

176 4164 432 4236 tempusinstontis
449 4159 515 4214 belli
531 4160 590 4230 cte]
630 4159 686 4211 Der
702 4158 826 4212 Sommer
841 4158 949 4226 ‘genere
972 4159 1037 4212 dem
1050 4161 1181 4215 berbi-ne·
