2618 4554
106 191 170 308 ab
227 296 231 303 ,
293 300 296 309 ¹
409 168 975 291 c.1U1..cA'EsAlt1‚S'ss
1168 312 1172 321 ¹

105 410 174 453 una
195 407 215 451 a
234 385 349 477 primo
370 384 506 473 agmine
528 384 596 450 lter
609 381 780 473 impedire
795 386 928 477 coepit.
962 382 1048 479 Qua
1062 403 1182 459 manue·
1207 448 1210 455 .

105 489 213 568 ciata,
250 488 375 554 Caesar
395 494 649 571 suunfquoque
667 485 878 572 equitatum,
909 489 1093 579 tripartito
1113 490 1184 559 divi.
1214 536 1217 549 .

106 613 196 667 sum,
219 589 271 655 ire
291 600 409 652 contra
427 586 561 651 hostem
581 580 688 653 iubet.
731 584 915 676 Pugnatur
940 612 1016 658 una
1029 602 1112 659 tuno
1126 614 1189 671 om,
1216 620 1219 625 ·

105 691 209 756 nibus
229 684 267 753 iu
287 687 460 775 partibus:
488 687 640 757 consistit
660 710 800 776 agmen:
834 689 1098 778 impedimenta
1115 693 1186 761 inter

105 792 258 879 legiones
289 786 516 875 recipiuntur.
560 786 598 853 Si
627 788 760 875 quain
788 796 888 877 parte
912 794 1185 861 nostri-laborm

105 907 167 961 aut
184 891 321 981 gravius
341 890 456 977 premi
477 888 699 971 videbantur,
738 891 898 978 eo-signa
921 892 1057 963 inferri
1083 896 1185 963 Caesar

105 986 284 1080 aciemque
305 988 460 1056 converti
479 988 638 1056 lubebat:
661 1014 746 1078 quae
767 1014 822 1058 res
845 1005 880 1059 et
898 991 1025 1061 hostes
1048 999 1091 1063 ad
1110 999 1186 1063 ine-

106 1096 283 1185 quendum
303 1091 477 1174 tardabat,
513 1102 548 1156 et
568 1104 702 1159 nostros
722 1115 782 1181 spe
809 1094 940 1161 auxilii
968 1097 1186 1165 confirmabat

107 1197 266 1265 Tandem
291 1192 460 1283 Germani
488 1191 529 1256 ab
557 1192 680 1260 dextro
707 1196 835 1273 latere,
868 1217 1057 1265 summum
1086 1200 1187 1286 iugun

104 1300 210 1379 nacti,
229 1280 341 1363 hostes
362 1296 437 1361 Ioco
457 1293 652 1382 depellunt3
673 1293 842 1385 fugientes
864 1296 980 1384 usquo
999 1301 1044 1367 ad
1064 1299 1188 1379 flumen,

103 1388 166 1468 ubi
190 1397 458 1485 Vercingetorix
489 1417 567 1460 cum
598 1396 811 1484 pedestribus
843 1398 961 1487 copiis
993 1400 1187 1477 consederat,
1227 1406 1231 1481 ξ

104 1511 381 1592 persequuntur,
405 1497 667 1585 compluresque
685 1498 913 1579 interficiunt.
961 1501 1049 1591 Qua
1067 1524 1109 1570 ra
1126 1500 1188 1567 ani-
1227 1542 1231 1577 ⁴

105 1600 297 1680 madversa,
314 1596 451 1683 reliqui,
470 1619 514 1661 ne
538 1598 881 1684 circumvenirentur,
903 1602 1027 1684 veriti,
1049 1626 1089 1669 se
1105 1601 1190 1690 fugae
1228 1678 1231 1695 ¹

12 1731 20 1753 ·
105 1700 279 1788 mandant.
330 1699 499 1766 Omnibus
525 1699 609 1766 locis
637 1701 682 1784 iit
703 1701 841 1768 caedere
880 1714 956 1771 tres
995 1700 1191 1773 nobilissimi
1229 1756 1231 1765 .

106 1803 221 1875 Aedui
242 1802 334 1891 capti
359 1803 402 1867 ad
424 1800 603 1869 Caesarem
631 1804 889 1890 perducunturs
933 1804 1067 1885 Cotus,
1100 1824 1190 1892 pree-

81 1906 215 1992 ·fectus
237 1905 413 1993 equitum,
452 1902 511 1989 qui
529 1904 801 1971 controversiam
819 1927 900 1975 oum
921 1902 1190 2001 Convictolitane

103 2004 278 2098 proximis
300 2005 448 2073 comitiis
467 2003 709 2088 habuerat;.et
728 2005 934 2085 Cauarillus,
958 2004 1025 2092 qui
1043 2018 1129 2095 post
1141 2005 1192 2071 de-

104 2110 292 2176 fectionem
325 2105 472 2181 Litavioi
507 2106 721 2195 pedestribus
758 2104 864 2195 copiis
898 2107 1127 2195 praefuerat3
1164 2118 1192 2173 et

96 2211 338 2302 ‘Eporedirim
382 2231 450 2295 quo
473 2206 559 2273 duce
584 2217 664 2271 ante
695 2207 879 2299 adventum
900 2208 1064 2278 Caesaris
1090 2208 1192 2281 Aedui
1229 2244 1231 2251 ·

54 2378 57 2387 ,
105 2335 187 2384 oum
207 2311 372 2398 Sequanis
392 2309 486 2375 bello
509 2308 763 2390 contenderant.

147 2415 236 2486 Car.
255 2410 416 2482 LXVIII.
459 2409 588 2499 Fugato
610 2411 705 2476 omni
725 2407 894 2496 equitatu,
925 2410 1192 2502 Vercingetorix

105 2515 220 2607 copias
236 2535 332 2597 suas,
353 2512 614 2602 represseris
634 2512 875 2592 collocaverat,
893 2512 1041 2582 reduxit
1047 2541 1060 2600 3
1086 2515 1193 2605 proti-

175 2684 320 2754 etparsao
342 2680 474 2752 arveum]
508 2680 563 2735 aas
589 2679 633 2732 eu
649 2678 771 2733 areunae
789 2679 838 2732 aa
853 2677 951 2733 mer
968 2681 1019 2733 hat
1040 2664 1116 2735 uass
1133 2701 1155 2737 a
1171 2700 1193 2734 ι.

105 2754 141 2808 Ο.
165 2753 194 2806 S.
211 2770 271 2803 222.
294 2769 378 2819 gegen
402 2748 553 2809 Guiscbard
577 2766 610 2800 zu
633 2750 765 2801 berveisan
786 2750 909 2814 gesucht,
943 2753 1021 2820 (was
1048 2751 1118 2802 anob
1138 2751 1193 2802 sehr

103 2820 353 2888 wahrschei'nlich,)
379 2819 438 2875 dass
459 2819 507 2870 der
524 2818 583 2886 Zug
604 2820 733 2872 aureius
752 2818 1098 2881 colonnefornnnhabe,
1125 2820 1193 2871 nicta

88 2893 157 2943 ·wie
174 2889 247 2955 jener
263 2890 379 2956 glaubte,
398 2886 456 2939 inb
470 2887 624 2949 Colonnen,
649 2885 756 2955 triplici
772 2888 842 2939 acie.
877 2888 918 2940 Zu
938 2889 1050 2939 eolcher
1072 2890 1193 2955 Bebmp-

103 2972 172 3087 agag
183 2961 253 3077 (lliegt
268 2958 358 3013 weder
375 2958 404 3009 in
422 2955 476 3010 den
495 2954 621 3017 Worten,
654 2956 727 3009 noelr'
746 2956 775 3013 in
793 2955 856 3007 dem
873 2956 1131 3030 Zmammenhmga
1151 2960 1191 3010 eia

132 3045 181 3079 run
202 3065 209 3079 .

177 3093 307 3149 Omnibus
324 3091 446 3163 locisflt
468 3091 582 3161 coedes]
615 3090 670 3143 Das
687 3091 799 3144 lilutbad
815 3090 885 3145 wird
903 3083 1070 3165 allgemein.
1103 3094 1189 3160 Vergl.

52 3200 57 3209 ·
102 3162 175 3218 oben
202 3180 226 3219 e.
246 3162 289 3216 65.
322 3163 401 3216 Ohne
426 3163 635 3227 Blutvergiessen
659 3163 720 3215 sine
743 3161 868 3216 vulnere.
900 3162 931 3213 B.
957 3162 987 3214 C.
1012 3164 1043 3224 1,
1062 3161 1106 3232 74.
1132 3176 1190 3215 extr.

103 3234 192 3287 Unten
215 3249 240 3284 c.
263 3247 305 3301 7⁰·
328 3234 357 3284 fit
379 3248 486 3303 magno
508 3231 619 3284 caedes.
658 3232 715 3282 Liv.
740 3229 833 3292 XXII,
857 3246 882 3300 7.
913 3230 1066 3299 mulupleoe
1091 3234 1190 3284 coedes

103 3302 238 3369 utrimque
256 3303 339 3365 factm
365 3325 401 3341 —-
427 3299 574 3352 multorum
596 3299 704 3352 coedes.
725 3297 803 3362 XXI,
826 3315 866 3353 υ.
899 3312 981 3353 unten
998 3317 1024 3352 c.
1043 3301 1089 3356 81.
1105 3300 1191 3354 multo

100 3370 242 3442 ¹utrimque
258 3366 378 3423 vulnera
393 3369 594 3450 accipiuntur..
1170 3433 1178 3455 Ι

103 3438 356 3578 ...fftt‘tttl
386 3434 1000 3564 66613ὲὲἰῦἒῂ“6ῐῗ.ἒῖἑῗῐ’ἐ;..ῗῑξῑὲἓ
1007 3433 1190 3573 tl‘ttdss:

102 3577 150 3630 ch
165 3578 260 3642 glanbe
283 3575 416 3643 dagegen,
448 3574 517 3624 bttte
536 3575 596 3626 eina
610 3573 700 3625 soleba
717 3574 943 3626 Verwandtschast
959 3573 1028 3625 stau
1046 3575 1188 3641 gerunden,

71 3644 75 3655 '
103 3664 136 3697 eo
153 3646 223 3696 bitte
244 3645 339 3697 Caesar
358 3654 438 3693 etwas
456 3644 542 3694 davon
566 3643 699 3707 eruthnt,
727 3661 821 3710 wegen
839 3643 886 3695 des
903 3643 1122 3697 Colliriousfalls.
1152 3642 1186 3694 So

21 3750 25 3761 ·
106 3714 177 3768 oben
195 3712 237 3766 66.
248 3713 348 3784 frater
363 3712 554 3780 EporedIrIgis.

175 3782 239 3851 cap.
257 3782 376 3839 LXVIII,
417 3781 476 3850 ut]¹
511 3782 549 3831 So
573 3780 644 3834 oben
666 3798 689 3832 c.
712 3779 754 3832 46.
780 3788 813 3832 ut
840 3779 952 3831 meridia
981 3772 1187 3851 conquieverat.

104 3850 340 3905 conatusne
359 3849 495 3919 dispositi.
527 3848 560 3912 V,
577 3849 620 3901 43.
647 3859 680 3901 ut
703 3868 733 3901 se
752 3848 802 3899 sub
827 3849 886 3917 piso
905 3846 982 3901 vallo
1008 3851 1181 3918 condttpaw

105 3930 182 3972 rant.
204 3931 286 3971 unten
302 3917 360 3979 VII,
370 3918 413 3969 81.
431 3929 463 3970 ut
479 3946 515 3960 —-
530 3919 589 3969 suis
607 3919 705 3989 cuique
724 3928 787 3968 erat
803 3915 880 3966 locus
900 3915 1043 3982 definitus.
1062 3945 1098 3956 -
1116 3935 1138 3967 c.
1145 3913 1183 3967 88.

103 3998 140 4041 ut
155 4016 191 4027 -
208 3988 279 4039 haee
299 3987 494 4040 cernebantur.
527 3986 564 4037 So
582 3986 650 4039 steht
670 3997 702 4037 ut
717 3987 755 4035 als
776 3986 835 4036 eine
853 3982 1183 4053 Vergleiebungrpartile13

98 4080 101 4085 ·
127 4058 196 4111 rade
212 4075 258 4114 so,
275 4057 346 4113 wie;
384 4057 412 4106 in
427 4054 566 4106 darselben
583 4055 633 4105 Art
651 4055 706 4105 und
721 4054 820 4113 Weiss,
838 4050 968 4118 Stellung.
1002 4055 1067 4105 Man
1084 4051 1183 4104 mdclrte

102 4074 183 4176 Iiuzu
199 4121 320 4175 'denlienz
334 4120 478 4191 pleitzlielz,
496 4124 564 4174 ohne
584 4124 643 4173 dass
661 4141 689 4173 es
707 4122 800 4178 andere
817 4121 939 4187 gemacht
957 4108 1067 4175 fierden
1082 4119 1183 4172 Ionnte.

99 4220 134 4235 ·—
162 4192 243 4248 rtiehe
265 4193 366 4243 bberrll
391 4188 554 4247 tannmsn·
569 4193 607 4243 im
629 4191 779 4259 Deuuohen
804 4201 836 4243 ut
859 4192 888 4246 in
913 4190 1017 4267 diesem
1040 4192 1117 4247 Falla
1142 4185 1184 4241 aas
